2976 5004
364 317 408 398 54
790 344 958 403 casuum

406 467 575 555 progenies
593 465 694 531 Thiae
712 467 797 531 clara
814 471 1045 554 supervehitur,

313 580 349 634 45
366 586 438 628 cum
456 561 548 627 Medi
565 583 716 646 peperere
734 583 850 625 novum
870 586 956 629 mare
975 588 1113 650 cumque
1130 569 1281 639 iuventus

406 680 463 742 per
480 655 620 721 medinm
638 655 730 719 classi
748 656 883 720 barbara
901 659 988 723 navit
1006 662 1128 727 Athon.

363 751 441 833 quid
459 749 577 813 facient
595 748 706 824 crines,
725 748 796 812 curn
815 750 899 815 ferro
918 753 993 816 talia
1015 755 1147 820 cedant?

405 844 559 928 Iuppiter,
578 855 613 906 ut
631 840 799 926 Chalybon
818 864 911 909 omne
928 868 1030 930 genus
1047 861 1167 933 pereat,

363 937 467 1020 etqui
484 936 638 1021 principio
656 937 716 1000 sub
735 947 817 1000 terra
835 959 987 1019 quaerere
1004 963 1103 1007 venas

311 1051 347 1105 50
406 1031 519 1094 institit
536 1053 573 1094 ac
590 1030 666 1094 ferri
684 1029 837 1114 stringere
855 1030 1017 1097 duritiem!

363 1125 531 1189 abiunctae
548 1123 655 1208 paullo
673 1135 746 1188 ante
765 1146 874 1188 comae
891 1149 964 1190 mea
981 1127 1048 1192 fata
1065 1150 1188 1194 sorores

404 1219 567 1302 lugebant,
586 1239 658 1281 cum
678 1239 712 1280 se
730 1217 912 1282 Memnonis
931 1221 1100 1306 Aethiopis

362 1313 501 1396 unigena
518 1311 671 1396 inpellens
689 1312 874 1375 nutantibus
892 1335 966 1377 aera
983 1316 1096 1398 pennis

404 1406 520 1471 obtulit
538 1406 690 1468 Arsinoes
708 1405 864 1469 Locridos
882 1407 948 1471 ales
966 1429 1077 1490 equus,

309 1519 344 1573 55
360 1500 450 1584 isque
468 1522 525 1585 per
542 1499 698 1564 aetherias
715 1522 767 1562 me
784 1500 898 1565 tollens
917 1503 1023 1565 avolat
1040 1503 1169 1568 umbras

404 1606 436 1660 ct
451 1593 586 1659 Veneris
605 1604 691 1657 casto
710 1594 842 1658 collocat
860 1594 892 1658 in
911 1597 1041 1680 gremio.

360 1689 430 1774 ipsa
448 1711 541 1750 suum
561 1686 740 1771 Zephyritis
760 1709 797 1750 eo
815 1688 971 1752 famulum
989 1691 1121 1775 legarat,

404 1781 503 1846 Graia
521 1780 672 1864 Canopiis
689 1779 793 1844 incola
809 1781 965 1846 litoribus.

360 1875 451 1940 ardui
468 1874 513 1938 ibi
529 1875 617 1938 vario
635 1896 676 1938 ne
693 1875 760 1937 sola
777 1874 809 1937 in
828 1875 946 1940 lumine
965 1877 1045 1941 caeli

309 1987 344 2041 60
403 1993 442 2034 ex
460 1968 630 2032 Ariadneis
648 1990 744 2030 aurea
762 1969 957 2054 temporibus

359 2064 423 2127 fixa
441 2085 557 2126 corona
574 2062 666 2138 foret,
685 2061 741 2126 sed
759 2084 817 2125 nos
834 2083 961 2145 quoque
979 2063 1175 2149 fulgeremus

402 2158 535 2221 devotae
554 2155 627 2220 flavi
645 2155 772 2219 verticis
790 2156 934 2232 exuviae,

359 2251 523 2315 uvidulam
542 2272 561 2312 a
578 2250 654 2312 fletu
673 2249 837 2314 cedentem
856 2250 898 2314 ad
915 2251 1033 2334 templa
1051 2251 1146 2316 deum
1163 2275 1214 2318 me

404 2346 491 2409 sidus
508 2344 541 2407 in
560 2343 697 2425 antiquis
716 2343 790 2407 diva
807 2367 925 2408 novum
943 2344 1061 2429 posuit:

300 2457 342 2511 ·65
360 2439 492 2524 virginis
511 2450 542 2503 et
560 2439 646 2502 saevi
665 2439 851 2523 contingens
869 2461 1008 2522 namque
1025 2439 1124 2504 leonis

400 2533 531 2609 lumina,
550 2529 684 2596 Callisto
701 2531 809 2596 iuncta
826 2533 1021 2617 Lycaoniae,

357 2639 463 2693 vertor
480 2627 513 2688 in
531 2646 689 2700 occasum,
710 2625 834 2689 tardum
854 2627 919 2690 dux
937 2638 1010 2691 ante
1028 2627 1162 2702 Booten,

399 2721 454 2804 qui
472 2721 525 2783 vix
543 2740 613 2783 sero
631 2719 695 2782 alto
713 2720 867 2804 mergitur
885 2719 1026 2784 Oceano.

358 2816 414 2880 sed
432 2835 627 2898 quamquam
644 2835 695 2876 me
713 2824 806 2876 nocte
823 2825 972 2898 premunt
988 2813 1123 2898 vestigia
1140 2813 1260 2891 divum,

307 2926 340 2981 ἰο
400 2910 455 2972 lux
474 2918 580 2972 autem
599 2928 697 2970 canae
716 2907 832 2990 Tethyi
851 2907 996 2982 restituit,

356 3025 436 3088 pace
454 3013 508 3066 tua
526 3000 586 3065 fari
603 3000 655 3063 hic
672 3000 775 3076 liceat,
794 3000 992 3064 Rhamnusia
1011 2999 1112 3084 virgo,

399 3097 549 3178 (namque
567 3115 627 3179 ego
645 3115 707 3156 non
726 3093 792 3158 ullo
811 3116 885 3158 vera
903 3094 1014 3158 timore
1032 3104 1151 3179 tegam,

356 3213 415 3254 nec
433 3190 527 3253 sime
545 3187 667 3252 infestis
687 3186 864 3272 discerpent
882 3187 986 3251 sidera
1004 3186 1105 3264 dictis,

400 3283 526 3347 condita
544 3282 621 3364 quin
638 3281 704 3345 veri
722 3281 859 3365 pectoris
878 3282 1047 3360 evomam),

306 3394 340 3450 75
356 3400 421 3442 non
438 3377 487 3440 his
505 3389 569 3440 tam
587 3377 687 3439 laetor
704 3374 809 3450 rebus,
828 3396 925 3457 quam
942 3397 993 3439 me
1012 3376 1099 3440 afore
1117 3397 1251 3461 semper,

398 3471 486 3534 afore
503 3491 554 3533 me
572 3491 592 3531 a
609 3467 755 3532 dominae
773 3468 890 3534 vertice
908 3468 1090 3544 discrucior,

354 3566 483 3648 quicum
502 3585 571 3648 ego,
590 3561 667 3625 dum
685 3563 774 3647 virgo
793 3562 954 3645 quondam
972 3561 1042 3639 fuit,
1061 3563 1208 3628 omnibus
1227 3587 1347 3651 expers

396 3657 578 3744 unguentis,
596 3678 660 3719 una
677 3655 764 3719 milia
782 3657 881 3720 multa
899 3656 976 3720 bibi.

354 3774 448 3828 nunc,
466 3773 523 3815 vos
542 3759 649 3834 optato
668 3769 764 3830 quom
782 3749 886 3813 iunxit
904 3749 1024 3812 lumine
1042 3748 1145 3827 taeda,

303 3864 338 3918 80
397 3868 462 3911 non
480 3844 567 3930 prius
586 3842 744 3906 unanimis
763 3864 894 3928 corpora
912 3843 1100 3928 coniugibus

355 3941 469 4006 tradite
487 3940 644 4004 nudantes
662 3938 780 4002 reiecta
798 3952 884 4004 veste
902 3939 1046 4024 papillas,

395 4058 492 4119 quam
510 4033 648 4099 iucunda
664 4033 742 4097 mihi
759 4056 891 4098 munera
908 4034 986 4098 libet
1002 4055 1098 4118 onyx,

355 4143 458 4195 vester
477 4152 572 4215 onyx,
592 4139 678 4194 casto
696 4128 802 4213 petitis
822 4150 904 4212 quae
921 4128 991 4193 iura
1008 4128 1114 4194 cubili.
