2954 4990
274 325 339 366 mr
707 321 936 366 PROIAEGOIOENA

274 449 366 522 patet,
389 443 529 522 quoniam
545 458 665 500 111111
681 440 762 501 istud
778 442 838 499 iam
854 460 881 500 a
902 433 1016 516 700154
1037 441 1128 501 scribi
1149 444 1280 520 potuisse
1298 462 1376 502 con·
1454 447 1455 486 1

276 530 372 599 cessit,
391 539 422 586 at
438 527 532 586 nihilo
550 530 648 585 minus
663 524 813 585 Catullum
829 544 855 583 a.
872 520 985 603 708146
1000 524 1118 586 demum
1136 533 1283 586 mortuum
1301 546 1376 588 esse

275 612 429 692 probabile
446 611 539 671 duxit.
574 629 671 690 neque
692 618 737 669 est
757 609 887 688 profecto
910 630 961 670 cur
982 618 1100 689 poetam
1120 611 1179 671 illis
1202 611 1289 690 ‘quid
1310 620 1374 687 est,

277 695 414 757 Catulle?
431 695 505 776 quid
520 700 643 757 moraris
661 693 785 754 emori?
808 694 891 754 aliud
907 695 1066 774 quicquam
1081 698 1140 756 nisi
1156 716 1303 756 summam
1319 700 1374 756 in·

276 782 480 859 dignationem
498 801 582 839 suam
599 780 767 856 significare
783 779 912 840 voluisse
930 781 1111 840 arbitremur.
1143 801 1218 860 quae
1236 802 1305 840 cum
1322 785 1373 841 ita

274 870 343 940 sint,
370 868 436 926 veri
458 865 553 924 simile
579 884 643 924 esse
662 865 760 925 iudico
782 885 806 921 c.
828 864 1005 926 XXXVIII
1025 873 1093 944 pust
1113 885 1225 926 annum
1248 861 1372 945 700154

276 951 391 1012 cadere.
427 949 534 1009 deinde
551 970 641 1028 supra
658 949 858 1008 demonstravi
879 969 939 1009 non
960 969 1046 1028 posse
1063 948 1214 1012 01111111
1231 953 1292 1010 iam
1309 951 1373 1012 hoc

276 1056 355 1095 anno
372 1057 439 1095 111
457 1033 584 1096 Caesare
600 1040 634 1093 in
651 1038 777 1111 gratiam
793 1033 905 1094 redisse
922 1037 1094 1108 existimari,
1112 1035 1372 1115 probabiliterque

274 1121 545 1189 reconciliationem
558 1139 659 1179 eorum
672 1121 757 1178 initio
771 1122 843 1178 anni
854 1115 969 1197 702152
978 1119 1150 1195 adsignasse
1162 1121 1237 1179 mihi
1249 1121 1369 1182 videor.

275 1209 337 1265 iam
357 1205 434 1265 nihil
455 1205 553 1266 obstat
573 1207 647 1285 quin
667 1213 786 1283 poetam
811 1203 914 1263 eodem
934 1224 1013 1264 anno
1037 1202 1150 1281 702152
1176 1206 1241 1264 sive
1264 1205 1370 1268 medio

275 1294 339 1351 sive
356 1298 487 1351 11111111
509 1309 526 1350 1
547 1292 610 1349 vita
628 1307 776 1366 egressum
797 1307 862 1348 esse
883 1296 1051 1350 statuamus.
1086 1289 1209 1370 quodsi
1230 1299 1311 1350 recte
1333 1311 1371 1352 se

273 1377 372 1450 babet,
389 1396 486 1436 annus
503 1375 613 1434 natalis
631 1373 743 1434 Catulli
760 1380 805 1434 est
822 1368 945 1451 672182,
962 1393 1022 1454 quo
1040 1394 1118 1434 anno
1130 1375 1282 1435 Licinium
1296 1374 1368 1438 Gal·
1454 1425 1455 1444 ,

273 1482 346 1520 vum
371 1480 488 1540 quoque
509 1462 643 1536 genitum
668 1477 731 1518 esse
756 1457 894 1518 vidimus.
929 1477 1026 1538 neque
1051 1464 1155 1536 negari
1180 1463 1289 1538 poterit
1314 1461 1367 1520 vel
1454 1455 1455 1474 ¹

273 1547 345 1605 binc
367 1545 481 1623 aliquid
502 1545 679 1603 firmamenti
701 1547 809 1602 nostris
831 1544 995 1604 rationibus
1021 1544 1168 1604 accedere.
1204 1547 1261 1604 etsi
1283 1549 1366 1605 enim

274 1630 471 1688 familiaritati
487 1631 565 1688 inter
582 1626 732 1688 Catullum
749 1635 778 1688 11
796 1626 920 1688 Calvum
938 1628 1133 1689 intercedenti
1149 1629 1250 1708 paullo
1271 1633 1367 1690 maio-

273 1733 337 1775 rem
358 1714 479 1773 11111111
500 1721 626 1773 aetatem
647 1733 709 1772 nou
734 1715 853 1772 omnino
874 1732 1040 1792 repugnare
1062 1713 1282 1774 concedendum
1310 1723 1366 1789 est,
1454 1721 1455 1764 3

272 1807 373 1859 tamen
387 1818 444 1872 cos,
463 1807 497 1858 ut
510 1801 625 1872 animis,
642 1800 685 1856 ita
698 1799 786 1857 etiam
799 1800 885 1856 11111
899 1798 1037 1878 aequales
1051 1807 1103 1857 aut
1114 1818 1211 1878 paene
1224 1801 1365 1878 aequales
1454 1809 1455 1872 1

273 1885 365 1944 fuisse
382 1883 500 1944 facilius
517 1883 671 1954 credimus,
693 1881 865 1961 praesertim
884 1887 1054 1944 11111111
1071 1883 1111 1942 ad
1131 1903 1177 1944 res
1198 1887 1315 1944 iocosae
1332 1888 1366 1944 in

274 1971 455 2030 carminibus
471 1969 549 2029 XIV
560 1969 587 2026 L
600 1969 679 2028 LIII
696 1975 847 2028 enarratas
865 1968 1054 2028 advertimus.
1085 1976 1176 2029 restat
1192 1977 1225 2027 11
1241 1989 1280 2029 ex
1297 1969 1366 2031 loco

274 2054 408 2114 Cornelii
424 2055 550 2133 Nepotis
573 2058 625 2133 qui
646 2061 691 2114 est
712 2056 745 2112 in
765 2055 829 2112 vita
849 2051 944 2112 Attici
963 2055 1002 2110 12
1025 2054 1045 2110 4
1066 2056 1131 2114 iure
1153 2054 1256 2131 colligi
1276 2075 1366 2132 posse

273 2140 405 2200 dicamus
430 2148 549 2220 poetam
569 2140 772 2199 Veronensem
797 2159 864 2197 cum
889 2146 958 2199 aute
982 2141 1199 2198 triamviratum
1224 2139 1364 2214 Antonii,

273 2225 440 2297 Octaviani,
467 2224 584 2303 Lepidi,
611 2232 673 2284 tum
698 2223 799 2302 paullo
825 2229 891 2300 post
912 2222 1084 2282 Lucretium
1109 2232 1258 2283 mortuum
1283 2244 1364 2300 csse;

272 2310 352 2389 quod
370 2319 400 2370 et
416 2312 513 2388 ipsum
530 2329 596 2368 cum
613 2316 715 2367 nostra
732 2309 804 2366 anni
817 2307 917 2367 fatalis
933 2307 1045 2367 Catulli
1061 2307 1234 2368 definitione
1251 2313 1365 2388 optime

272 2397 419 2465 convenit,
443 2398 496 2452 vix
514 2394 594 2452 enim
611 2395 748 2472 cuiquam
769 2401 835 2470 post
851 2394 919 2452 Iani
936 2392 1074 2452 Woltieri
1091 2395 1124 2452 in
1141 2393 1241 2452 annal.
1259 2394 1364 2473 philol.

272 2486 293 2536 t.
316 2478 462 2550 CXXIX,
485 2499 514 2556 p.
540 2479 654 2536 13411.
677 2476 904 2555 disputationem
930 2476 1053 2537 dubium
1078 2496 1142 2538 esse
1167 2485 1265 2556 potest
1289 2483 1366 2558 quin
1454 2549 1455 2556 ¹

271 2563 427 2623 Lucretius
445 2583 472 2621 a.
491 2556 604 2638 701153
623 2560 789 2621 decesserit.
1454 2571 1455 2584 ¹

336 2647 425 2708 Vitae
441 2655 573 2726 tempore
591 2645 703 2706 Catulli
719 2646 803 2705 finito
821 2645 858 2705 de
875 2646 979 2706 stodiis
997 2650 1060 2707 eius
1076 2649 1200 2726 poetIcis
1219 2647 1366 2710 disserere

272 2732 489 2810 adgrediamur.
524 2733 633 2811 quain
654 2751 687 2791 re
704 2730 784 2810 quod
806 2752 893 2810 supra
916 2735 1094 2792 coniecimus
1113 2730 1272 2805 Catullum,
1295 2754 1364 2794 cum

271 2816 509 2879 adulescentulus
518 2818 644 2878 Romam
656 2819 846 2896 pervenisset,
861 2817 905 2876 ibi
919 2817 1102 2877 institutione
1112 2817 1224 2876 Valerii
1239 2815 1364 2878 Catonis
1454 2811 1455 2836 ¹

272 2907 457 2982 grammatici
475 2910 505 2963 et
519 2909 625 2982 poetae
642 2922 728 2961 usum
741 2920 812 2974 esse,
831 2899 863 2958 id
880 2922 960 2961 1111
977 2910 1047 2962 1111
1061 2903 1161 2961 omnia
1178 2906 1364 2978 argumentis
1454 2933 1455 2976 g

272 2987 505 3048 confirmandum
524 3007 586 3047 esee
601 2990 750 3048 sentimus.
778 2985 815 3044 de
825 2985 937 3046 (latone
950 3006 1027 3066 quae
1043 2989 1151 3046 scimus
1164 2986 1254 3064 longe
1267 2987 1363 3066 plera-

272 3092 329 3153 que
342 3074 483 3135 Suetonio
501 3073 538 3132 de
556 3079 708 3149 grammat.
725 3075 762 3129 11
783 3070 931 3131 debemus.
963 3075 1015 3150 qui
1031 3075 1109 3131 inter
1125 3071 1185 3130 alia
1202 3091 1270 3131 eum
1287 3074 1363 3132 mul-

271 3166 317 3217 tos
335 3166 365 3218 et
381 3158 496 3219 nobiles
514 3158 648 3218 docuisse
665 3160 821 3235 visumque
837 3175 901 3216 esee
918 3155 1110 3235 peridoneum
1131 3165 1363 3236 praeceptorem,

271 3246 424 3302 maxime
441 3242 485 3300 ad
500 3246 676 3320 poeticam
694 3240 941 3313 tendentibus,
960 3249 1060 3300 narrat
1076 3243 1198 3321 eiusque
1214 3245 1259 3301 rei
1272 3241 1364 3301 docu-

270 3333 402 3386 mentum
414 3326 469 3384 bcs
482 3326 642 3386 versiculos
655 3329 761 3386 incerti
775 3321 902 3386 auctoris
916 3324 1019 3399 adfert,
1039 3325 1128 3386 ‘Cato
1142 3327 1363 3402 grammaticus,

270 3411 383 3470 Latina
396 3411 490 3483 Siren,
506 3410 566 3483 Qui
579 3411 657 3472 solus
670 3411 745 3488 legit
757 3431 792 3469 ac
806 3411 878 3470 facit
890 3412 1015 3489 poetas',
1033 3431 1157 3490 quorum
1170 3413 1362 3489 posteriorem
1454 3413 1455 3460 ἒ

270 3501 314 3556 ita
331 3495 537 3573 accipiendum
555 3513 617 3555 esse
635 3495 758 3574 adparet
776 3502 810 3554 ut
828 3494 902 3555 Cato
920 3496 997 3556 solus
1015 3517 1076 3555 non
1097 3495 1193 3570 modo,
1216 3504 1250 3556 ut
1273 3502 1363 3558 ceteri
1454 3543 1455 3554 .

271 3582 470 3661 grammatici,
493 3587 594 3659 poetas
612 3581 782 3658 praelegere
804 3585 1064 3660 commentumque,
1087 3581 1140 3641 sed
1162 3585 1251 3640 etiam
1267 3602 1364 3642 novos

272 3667 407 3728 excolere
425 3665 549 3724 dicatur.
585 3665 661 3724 conf.
679 3665 866 3725 Weiohertus
883 3673 959 3745 poet.
977 3666 1043 3725 Lat.
1061 3667 1144 3746 reliq.
1159 3687 1187 3744 p.
1207 3668 1312 3725 35911.
1331 3675 1362 3728 et

270 3753 296 3813 Ι.
315 3752 454 3830 Steupius
472 3749 509 3810 de
526 3750 632 3809 Probis
650 3754 847 3825 grammaticis
859 3771 887 3828 p.
901 3752 921 3808 4
936 3771 958 3810 1.
977 3750 1066 3810 111111
1084 3759 1182 3810 autem
1200 3750 1363 3830 discipulos

272 3840 335 3898 eius
357 3836 502 3909 Ticidam,
524 3835 667 3894 Helvium
688 3834 823 3909 Cinnam,
846 3836 971 3894 Furium
991 3835 1168 3895 Bibaculum
1189 3854 1206 3895 e
1229 3836 1364 3896 versibus

272 3943 374 3982 eorum
393 3921 506 3982 ibidem
528 3941 547 3980 a
569 3921 709 3980 Suetonio
731 3919 860 3979 laudatis
881 3923 1065 3999 perspicitur.
1101 3919 1208 3999 quodsi
1230 3923 1297 3999 quis
1317 3941 1363 3981 re-

273 4015 358 4086 putat
383 4006 532 4067 Catullum
559 4004 674 4065 Cinnae
701 4003 878 4065 familiarem
909 4004 1130 4085 studiorumque
1155 4009 1363 4070 communione
1454 4035 1455 4042 ¹

272 4112 340 4150 cum
357 4111 391 4153 eo
410 4093 597 4152 coniunctum
613 4089 713 4162 fuisse,
735 4092 796 4149 iam
812 4089 883 4149 hinc
904 4093 968 4150 veri
991 4090 1086 4151 simile
1109 4089 1231 4150 habebit
1251 4099 1363 4152 11111-
