2976 5004
554 405 670 462 LIBER

312 527 448 594 claudite
467 527 555 604 ostia,
574 527 727 614 virgines:

374 621 508 687 lusimus
526 621 611 687 satis.
656 633 698 697 at,
716 621 792 686 boni

375 718 536 802 coniuges,
555 717 637 783 bene
653 717 751 781 vivite
769 727 801 782 et

271 851 275 859 ·
310 833 440 876 munere
457 811 590 875 adsidue
607 811 764 876 valentem

324 989 329 998 .
375 917 520 971 exercete
537 905 709 969 iuventam.

546 1539 660 1604 LXII.

137 1659 264 1742 Vesper
281 1657 384 1722 adest:
406 1655 548 1734 iuvenes,
567 1657 762 1744 consurgite:
785 1660 910 1745 Vesper
928 1658 1069 1748 Olympo

138 1761 307 1836 expectata
325 1751 379 1815 diu
397 1752 449 1815 vix
466 1752 593 1816 tandem
611 1752 733 1816 lumina
750 1750 841 1818 tollit.

139 1866 270 1930 surgere
287 1845 350 1909 iam
368 1853 504 1930 tempus,
523 1847 586 1909 iam
603 1845 731 1930 pinguis
748 1847 891 1931 linquere
909 1870 1049 1913 mensas:

137 1938 202 2003 iam
221 1939 325 2002 veniet
343 1936 444 2023 virgo,
462 1939 526 2002 iarn
545 1939 667 2004 dicetur
684 1941 901 2024 Hymenaeus.

139 2033 271 2116 Hymen
288 2053 307 2095 ο
325 2031 524 2117 Hymenaee,
541 2031 671 2118 Hymen
689 2031 764 2096 ades
783 2055 802 2096 ο
820 2033 1017 2118 Hymenaee.
1133 2047 1150 2100 5

138 2215 275 2294 cernitis,
292 2216 453 2303 innuptae,
471 2218 621 2282 iuvenes?
643 2219 824 2303 consurgite
842 2230 960 2285 contra.

138 2310 287 2374 nimirum
306 2308 446 2376 Oetaeos
464 2311 600 2376 ostendit
617 2310 762 2376 Noctifer
777 2311 880 2398 ignes.

138 2402 184 2468 sic
201 2413 329 2469 certest:
350 2403 444 2470 viden
463 2414 498 2469 nt
515 2403 685 2489 perniciter
702 2404 860 2472 exiluere?

137 2519 201 2562 uon
219 2507 336 2562 temere
355 2498 508 2563 exiluere:
531 2509 645 2564 canent
662 2498 749 2582 quod
767 2499 894 2564 vincere
912 2523 970 2586 par
987 2512 1043 2566 est.

137 2593 267 2676 Hymen
285 2613 303 2655 o
320 2593 519 2677 Hymenaee,
536 2593 666 2676 Hymen
685 2592 760 2657 ades
778 2614 798 2656 ο
816 2594 1014 2679 Hymenaee.
1129 2609 1164 2663 10

137 2798 201 2842 uon
218 2776 321 2842 facilis
338 2777 440 2853 nobis,
458 2777 616 2860 aequales,
635 2779 741 2862 palma
757 2789 912 2863 paratust:

139 2870 300 2956 adspicite,
317 2870 469 2955 innuptae
486 2893 595 2934 secum
612 2882 649 2934 ut
665 2871 817 2936 meditata
834 2874 1008 2956 requirunt.

136 2985 200 3029 nou
217 2964 334 3028 frustra
351 2963 556 3028 meditantur:
575 2963 693 3027 habent
706 2965 909 3030 memorabile
923 2968 1009 3050 quod
1027 2970 1076 3034 sit

137 3053 197 3122 uec·
212 3057 337 3132 mirum,
355 3049 480 3140 penitus
498 3076 580 3139 quae
598 3057 665 3120 tota
680 3066 786 3121 mente
803 3057 957 3123 laborant.

136 3171 192 3214 nos
211 3150 272 3214 alio
290 3160 421 3226 mentes,
440 3149 501 3213 alio
520 3148 683 3212 divisimus
701 3172 807 3215 aures:
1127 3169 1161 3224 15

136 3245 203 3309 iure
219 3243 319 3330 igitur
334 3243 512 3308 vincemur:
531 3252 616 3307 amat
633 3243 765 3308 victoria
782 3266 900 3308 curam.

137 3359 232 3422 quare
249 3358 334 3402 nuuc
350 3337 472 3401 animos
489 3336 600 3400 saltem
619 3334 790 3402 convertite
808 3348 942 3404 vestros:

137 3432 238 3496 dicere
255 3430 319 3495 iam
335 3430 496 3515 incipient,
514 3430 577 3493 iam
595 3430 786 3515 respondere
804 3430 937 3496 decebit.

136 3528 264 3611 Hymen
281 3545 300 3588 o
318 3525 515 3609 Hymenaee,
533 3524 664 3608 Hymen
682 3523 757 3589 ades
776 3546 794 3588 o
816 3526 1014 3611 Hymenaee.

136 3714 287 3796 Hespero,
305 3710 360 3794 qui
378 3710 465 3776 caelo
483 3711 583 3774 fertur
600 3710 756 3776 crudelior
771 3711 874 3798 ignis?

135 3807 185 3890 qui
203 3815 309 3868 natam
328 3804 430 3890 possis
448 3805 603 3889 conplexu
622 3805 757 3871 avellere
774 3806 893 3882 matris,

136 3898 289 3983 conplexu
307 3896 414 3961 matris
431 3896 617 3962 retinentem
636 3897 770 3962 avellere
787 3909 906 3974 natam,

136 4003 164 4058 et
179 3989 287 4056 iuveni
306 3989 426 4055 ardenti
445 4000 564 4054 castam
582 3989 699 4055 donare
716 3990 863 4076 puellam.

135 4084 208 4168 quid
224 4083 346 4148 faciunt
363 4082 469 4147 hostes
487 4093 581 4167 capta
598 4082 756 4148 crudelius
774 4082 872 4147 urbe?

137 4180 260 4264 Hymen
278 4199 298 4242 o
316 4178 514 4262 Hymenaee,
532 4177 662 4263 Hymen
681 4175 757 4240 ades
775 4197 794 4239 0
812 4176 1009 4262 Hymenaee.
1057 4233 1059 4238 .
1122 4193 1156 4248 25
