2968 4990
583 394 704 449 LIBER·

256 515 364 580 iocum
382 535 434 582 me
451 524 544 600 putat
561 538 631 583 esse
648 517 781 584 moecha
798 519 899 604 turpis

255 619 290 674 et
303 613 410 694 negat
420 608 498 675 mihi
515 620 623 675 nostra
641 611 835 677 reddituram

256 702 434 789 pugillaria,
453 703 480 768 si
497 704 563 788 pati
581 706 723 790 potestis.

256 817 485 882 persequamur
502 821 583 875 eam,
602 807 634 863 et
650 799 873 884 reflagitemus.

254 912 339 974 quae
357 891 398 955 sit
414 891 583 975 quaeritis?
617 892 785 976 illaquam
803 893 916 959 videtis

254 995 349 1070 turpe
364 985 523 1062 incedere,
546 986 671 1054 mimice
689 1008 727 1052 ae
744 988 875 1054 moleste

256 1077 411 1146 ridentem
429 1079 526 1144 catuli
544 1100 598 1146 ore
617 1078 784 1146 Gallicani.

255 1171 475 1246 circumsistite
493 1195 574 1250 eam,
593 1183 625 1238 et
642 1173 827 1258 reflagitete,

255 1264 405 1330 ‘moecha
422 1266 543 1350 putida,
562 1266 658 1332 redde
676 1266 848 1344 codicillos,

255 1358 364 1436 redde,
383 1360 494 1443 putida
511 1361 653 1436 moecha,
673 1359 854 1425 codicillos.’

256 1473 320 1515 non
337 1452 417 1516 assis
435 1452 528 1518 fucit?
548 1453 698 1529 olutum‚
716 1454 861 1538 lupanar,

208 1577 211 1586 ι
253 1554 312 1608 aut
329 1545 356 1608 si
374 1545 527 1630 perditius
543 1557 648 1632 potest
664 1546 742 1630 quid
759 1568 838 1611 esse.

257 1637 394 1703 sednon
412 1649 583 1705 esttamen
601 1639 662 1705 hoc
680 1640 755 1705 satis
774 1638 962 1725 putandum.

254 1732 389 1814 quodsi
406 1754 470 1796 non
488 1732 574 1797 aliud
591 1743 706 1818 potest,
723 1733 873 1798 ruborem

257 1825 359 1890 ferreo
377 1827 464 1892 canis
482 1829 695 1913 exprimamus
712 1850 778 1894 ore.

254 1919 451 1984 conclamate
469 1921 584 1985 iterum
602 1921 713 1986 altiore
731 1943 809 1986 voce

254 2012 405 2080 ‘moecha
421 2014 543 2099 putida,
561 2015 659 2082 redde
676 2014 848 2091 codicillos,

256 2106 363 2183 redde,
381 2108 493 2192 putide
509 2107 652 2184 moecha,
670 2107 850 2173 codicillos.’

255 2200 313 2270 se‘d
331 2201 375 2270 nil
393 2201 585 2287 proficimus,
604 2201 682 2266 nihil
700 2213 855 2270 movetur.

256 2294 409 2359 mutanda
427 2306 475 2358 est
491 2295 571 2360 ratio
590 2295 766 2379 modusque
784 2294 887 2371 vobis,

256 2386 361 2469 siquid
378 2389 531 2472 proficere
550 2388 684 2474 amplius
702 2389 843 2474 potestis,
920 2408 928 2424 ·

254 2480 388 2566 ‘pudica
405 2492 437 2548 et
454 2483 564 2569 proba,
581 2482 679 2549 redde
697 2481 877 2548 codicillos.'

554 2671 725 2686 ”¹—

573 2829 706 2896 XLIII.

301 2944 407 3022 Salve,
425 2970 484 3014 nec
501 2949 631 3014 minimo
650 2949 757 3034 puella
774 2970 852 3014 naso

299 3062 359 3106 nec
377 3041 460 3109 bello
478 3043 560 3127 pede
577 3065 636 3108 nec
654 3042 752 3127 nigris
770 3041 878 3108 ocellis

299 3156 359 3199 nee
377 3135 480 3221 longis
499 3136 605 3221 digitis
623 3158 682 3201 nec
700 3158 754 3204 ore
771 3136 856 3200 sicco

297 3250 357 3293 nec
374 3251 450 3294 sane
469 3230 724 3316 nimis‘elegante
742 3225 861 3315 lingna,

298 3321 471 3398 decoctoris
489 3323 592 3390 amica
608 3324 778 3388 Formiani.

298 3425 350 3480 ten
368 3417 530 3502 provincia
546 3427 653 3490 narrat
670 3439 739 3483 esse
757 3415 893 3481 bellam?

299 3518 402 3572 tecum
421 3509 541 3578 Lesbia
558 3521 665 3576 nostra
682 3510 889 3596 conparatur?

296 3623 316 3665 o
334 3605 474 3669 saeclum
490 3604 650 3691 insapiens
668 3617 699 3669 et
716 3601 905 3670 infacetuml

572 3951 700 4019 XLIV.

190 4067 223 4132 Ο
243 4068 342 4133 funde
359 4079 466 4135 noster
484 4093 540 4136 seu
559 4050 678 4137 Sabine
696 4093 754 4138 seu
771 4071 888 4136 Tiburs

188 4161 279 4245 (nam
297 4173 329 4227 te
348 4183 417 4238 esse
434 4163 601 4232 Tiburtem
620 4175 795 4242 autumant,
814 4164 930 4248 quibus
948 4186 1011 4233 non
1029 4177 1078 4244 est
