2954 4990
273 353 369 398 smv
705 347 935 404 raomeonnsa

275 474 327 530 huc
349 472 502 540 adventata,
529 467 669 528 LXVIII
685 470 726 528 21
754 478 784 526 tu
804 479 916 527 meatu
941 471 1059 528 moriens
1079 471 1191 544 saepiati
1213 474 1385 545 commoda,

271 557 383 636 qulbus
402 575 468 614 cum
484 555 557 613 locis
575 552 701 613 conferri
714 552 849 612 iubemus
860 552 1035 613 Callimachi
1048 555 1148 633 hymn.
1158 557 1204 616 IV
1214 558 1382 616 204.214.
1464 587 1465 648 ἶ

275 643 320 703 VI
340 644 387 700 17.
407 641 455 713 64,
475 639 625 698 Theocriti
643 658 667 697 c.
680 638 791 697 XVIII
804 639 940 712 tro-52,
958 639 1062 698 Bionis
1075 640 1188 700 XVIII
1202 642 1230 713 1,
1249 643 1384 702 Moschi
1464 657 1465 672 ¹

275 729 293 787 I
310 729 360 785 22.
378 726 452 784 haec
468 724 626 782 habuimus
643 742 720 802 quae
738 722 775 782 de
792 725 905 783 iteratis
923 731 953 783 et
968 725 1104 784 versibus
1122 736 1152 786 et
1168 725 1270 785 verbis
1289 727 1382 788 dice-

275 832 381 872 remus.
421 810 564 870 caeteris
591 808 694 884 figuris
717 810 788 866 satis
813 818 875 868 esto
900 812 1113 888 metonymiam
1138 810 1222 869 illam
1248 811 1380 872 adferre
1464 803 1465 808 ¹

272 918 336 977 qua
353 893 548 973 Amphitrites
571 900 600 952 et
617 893 750 970 Tethyos
772 896 894 952 nomina
915 913 969 972 pro
986 896 1062 954 mari
1083 898 1179 974 posita
1196 903 1266 954 sunt
1285 899 1321 956 in
1349 918 1377 957 c.

276 981 383 1040 LXIV
402 981 450 1052 11,
467 977 572 1037 LXVI
591 979 639 1051 70,
657 978 861 1037 LXXXVIII
879 978 907 1051 5,
926 997 1014 1058 quem
1032 999 1117 1038 usum
1134 982 1195 1038 iam
1212 981 1378 1060 Hauptius

272 1085 378 1146 opusc.
394 1064 435 1137 II,
453 1084 482 1142 p.
498 1064 538 1122 74
548 1082 569 1121 s.
587 1070 666 1123 recte
682 1062 722 1122 ad
733 1062 1007 1122 Alexandrinorum
1023 1072 1177 1143 poetarum
1195 1067 1378 1145 exemplum

275 1150 397 1212 rettulit.
432 1148 471 1207 ad
487 1167 624 1209 numeros
642 1147 722 1227 quod
739 1151 853 1222 attinet,
870 1156 988 1227 praeter
1004 1149 1251 1227 spondiazontum
1266 1160 1378 1229 capta·

272 1239 387 1297 tionem
408 1235 469 1292 iam
490 1252 579 1312 supra
601 1233 779 1312 explicatam
800 1232 857 1292 hoc
878 1252 996 1313 quoque
1017 1243 1084 1312 post
1106 1233 1272 1294 Godofredi
1290 1237 1378 1296 Her-
1464 1271 1465 1302 r

275 1323 378 1384 manni
395 1322 427 1379 in
442 1318 562 1397 Orphic.
575 1338 604 1397 p.
619 1319 681 1377 692
691 1337 727 1378 ss.
746 1318 965 1378 observationes
984 1318 1165 1378 confidenter
1179 1320 1217 1379 ab
1230 1319 1375 1380 Alexan·
1464 1333 1465 1358 l

272 1409 380 1468 drinae
397 1405 468 1464 artis
486 1403 582 1462 studio
600 1405 693 1483 repeti
711 1411 806 1481 potest
824 1402 903 1483 quod
921 1402 1057 1462 Catullus
1073 1406 1106 1463 in
1119 1423 1206 1463 versu
1224 1404 1374 1466 hexame-

273 1501 320 1553 tro
343 1493 518 1550 incisionem
539 1495 607 1567 post
628 1495 764 1568 quartum
791 1487 962 1548 trochaeum
984 1509 1051 1547 cum
1073 1490 1192 1549 omnino
1214 1492 1374 1550 rarissime

273 1577 403 1649 admisit,
414 1583 476 1633 tum
485 1576 517 1631 in
527 1573 637 1652 epyllia
647 1572 684 1632 de
691 1573 777 1633 Pelei
789 1574 900 1651 nuptiis
910 1581 940 1632 et
947 1575 980 1633 in
993 1573 1085 1633 altero
1098 1573 1265 1653 hymenaeo
1274 1577 1373 1654 plane

273 1661 447 1722 declinavit.
482 1658 558 1717 conf.
576 1657 727 1736 Hauptius
743 1657 763 1716 l.
782 1677 806 1716 c.
823 1679 852 1736 p.
869 1659 908 1716 78
926 1665 956 1718 et
972 1659 1164 1718 Baumannus
1181 1659 1201 1719 l.
1217 1679 1241 1720 c.
1258 1680 1291 1739 p.
1305 1662 1373 1721 XV

274 1743 343 1826 (qui
365 1747 496 1825 quinque
518 1744 638 1801 omnino
660 1743 748 1801 huius
771 1761 910 1802 caesurae
927 1743 1064 1820 exempla
1082 1763 1099 1802 e
1117 1743 1236 1803 Catullo
1254 1746 1370 1820 attulit,
1464 1789 1465 1814 ,

277 1830 331 1894 sed
347 1851 400 1908 pro
417 1849 441 1888 c.
460 1827 629 1890 LXXXIV
648 1829 665 1886 9
687 1827 892 1904 corrigendum
911 1836 956 1888 est
973 1827 1145 1890 LXXXIV
1162 1827 1204 1906 5).
1464 1897 1465 1902 ἵ

341 1916 408 1974 Etsi
434 1921 533 1974 autem
559 1912 693 1972 Catullus
720 1913 838 1973 scholae
864 1932 903 1973 ex
933 1933 992 1993 qua
1016 1913 1128 1992 prodiit
1152 1915 1268 1992 placitis
1297 1935 1370 1974 con·

276 2003 430 2062 trementer
450 2000 579 2058 maxime
599 1997 821 2058 Alexandrinos
847 1997 936 2057 duces
961 2005 1007 2056 eat
1029 2006 1154 2074 secutus,
1172 2007 1272 2059 tamen
1297 2019 1371 2060 eum
1464 2019 1465 2022 ’

276 2107 338 2146 non
359 2083 524 2165 putandum
546 2091 590 2144 est
611 2086 747 2163 antiquos
769 2089 870 2161 poetas
893 2078 1022 2143 Graecos
1044 2086 1163 2143 omnino
1187 2084 1371 2162 neglexisse.

277 2179 307 2234 et
322 2171 547 2230 Homericorum
564 2168 685 2247 quidem
703 2167 866 2230 studiorum
883 2169 1010 2243 vestIgia
1026 2171 1058 2226 in
1077 2169 1118 2228 eis
1135 2171 1209 2246 ipsis
1228 2173 1370 2229 carmini·

276 2257 332 2317 bus
355 2257 547 2315 inveniuntur
570 2272 646 2332 quae
668 2255 817 2332 ceteroqui
833 2252 1073 2312 Alexandrinum
1096 2253 1222 2313 colorem
1243 2254 1368 2328 habent,

276 2344 361 2400 cuius
378 2340 459 2399 modi
472 2359 534 2397 non
550 2339 634 2397 nulla
651 2338 802 2416 Hauptius
820 2346 849 2398 et
862 2337 1019 2398 Schulzius
1032 2338 1106 2397 locis
1124 2359 1212 2417 supra
1228 2360 1258 2417 p.
1271 2339 1369 2400 LXX

275 2424 406 2484 laudatis
428 2423 598 2482 attulerunt.
639 2422 715 2481 conf.
739 2425 828 2481 etiam
850 2422 930 2502 quod
946 2444 976 2503 p.
993 2423 1103 2482 LXXI
1121 2423 1157 2482 de
1174 2424 1317 2484 Pasithea
1332 2429 1369 2485 in

277 2509 382 2570 Attice
392 2516 618 2568 commemorata
630 2506 768 2566 diximus.
796 2527 813 2566 e
825 2507 927 2585 lyricis
940 2526 1010 2568 vero
1020 2511 1114 2587 poetis
1124 2508 1259 2569 Catullus
1272 2514 1368 2569 nemi-

277 2614 347 2658 nem
363 2593 482 2653 videtur
499 2592 592 2671 pluris
610 2593 714 2651 fecisse
732 2612 821 2672 quam
835 2592 964 2671 Sappho,
984 2595 1067 2652 euius
1085 2593 1311 2653 admirationem
1330 2615 1366 2654 eo

275 2699 395 2760 quoque
417 2677 580 2738 declaravit
601 2676 680 2757 quod
702 2676 825 2736 Clodiae
847 2677 885 2736 ab
906 2677 987 2736 illius
1008 2681 1105 2756 patria
1125 2698 1235 2738 nomen
1255 2679 1368 2739 indidit
1464 2693 1465 2696 ’

276 2765 412 2830 Lesbiae.
452 2772 496 2822 est
517 2771 616 2822 autem
642 2765 753 2841 primus
774 2764 976 2822 Romanorum
998 2765 1050 2841 qui
1071 2764 1220 2843 stropham
1246 2784 1325 2844 quae
1347 2787 1368 2824 a
1464 2781 1465 2788 ’

274 2849 397 2931 Sappho
416 2848 645 2927 adpellationem
663 2848 753 2906 traxit
766 2847 902 2907 adhibuit
918 2851 952 2906 in
961 2868 983 2906 c.
998 2848 1047 2907 XI
1059 2854 1089 2906 et
1100 2849 1153 2922 LI,
1172 2848 1366 2930 eiusdemque

274 2936 474 2996 aemulatione
492 2955 559 2994 eum
577 2937 609 2992 in
628 2953 651 2992 c.
669 2932 766 2991 XXX
782 2933 916 2992 versibus
934 2932 1126 3011 asclepiadeis
1144 2935 1304 2994 maioribus
1323 2938 1367 2994 ita

274 3041 342 3082 esse
358 3041 445 3084 usum
466 3027 500 3078 ut
521 3020 606 3078 binos
628 3021 661 3077 in
683 3018 833 3097 stropham
851 3019 1044 3094 coniungeret
1066 3039 1133 3077 cum
1153 3019 1303 3098 plerisque
1319 3040 1366 3080 re·

275 3110 440 3166 cantiorum
461 3124 634 3183 persuasum
655 3103 805 3162 hahemus.
846 3101 922 3162 conf.
945 3103 1108 3182 Hephaest.
1136 3125 1164 3182 p.
1184 3104 1233 3164 35.
1252 3106 1302 3164 60,
1323 3105 1363 3164 65

276 3191 410 3269 Westph.
430 3197 459 3249 et
475 3190 658 3248 Lachmann.
677 3209 775 3267 opusc.
793 3188 835 3260 Π,
854 3209 881 3266 p.
902 3190 942 3246 94
953 3209 973 3247 s.
998 3188 1050 3248 sed
1067 3209 1127 3248 non
1144 3192 1176 3248 in
1193 3208 1226 3249 re
1242 3193 1365 3249 metrica

273 3275 341 3334 ,sola
358 3276 524 3333 continetur
541 3293 643 3333 musae
661 3273 827 3352 Sapphioae
844 3275 978 3332 imitatio.
1006 3293 1075 3332 nam
1093 3276 1232 3334 carminis
1244 3275 1286 3333 LI
1302 3281 1363 3333 tres

274 3358 415 3436 strophae
440 3361 551 3434 priores
578 3376 595 3418 e
621 3357 811 3419 celeberrima
832 3357 958 3418 Lesbiae
979 3361 1110 3437 poetriae
1137 3359 1194 3418 oda
1212 3359 1258 3433 (fr.
1277 3363 1294 3418 2
1312 3358 1364 3436 B.)
1464 3393 1465 3410 .

277 3464 315 3504 ex
336 3461 432 3502 ressae
455 3449 530 3500 sunt.
570 3461 667 3521 neque
688 3463 758 3503 vero
781 3442 949 3502 dubitamus
972 3445 1014 3503 eis
1037 3443 1179 3504 adsentiri
1200 3447 1252 3524 qui
1275 3446 1363 3504 etiam

274 3551 301 3590 c.
314 3465 408 3588 LXII
424 3529 457 3585 in
471 3525 607 3604 Sapphus
625 3529 789 3587 imitatione
806 3530 934 3606 positum
952 3547 1015 3588 esse
1034 3539 1162 3588 censent.
1189 3551 1259 3588 nam
1273 3529 1363 3590 Grae·

274 3636 345 3674 curn
362 3632 468 3693 poema
486 3611 621 3689 exemplo
639 3613 729 3672 fuisse
747 3613 816 3672 huic
833 3611 998 3691 hymenaeo
1012 3613 1202 3674 manifestum
1216 3622 1267 3688 est,
1286 3635 1363 3674 cum-

277 3720 334 3781 que
348 3697 469 3778 Sappho
482 3699 515 3756 in
528 3696 788 3774 epithalamiorum,
797 3715 905 3773 genere
918 3700 1047 3758 maxime
1061 3699 1198 3773 floruerit,
1215 3699 1362 3759 Catullum
1464 3703 1465 3712 ’

273 3794 375 3844 autem
402 3787 466 3843 eius
492 3782 654 3842 studiosum
676 3783 767 3842 fuisse
789 3789 901 3841 certum
923 3785 969 3857 sit,
997 3783 1069 3864 quid
1091 3803 1143 3863 per
1165 3803 1197 3843 se
1217 3787 1277 3844 ista
1298 3806 1363 3845 oon·

276 3874 389 3930 iectura
406 3866 608 3949 probabilius?
644 3866 696 3926 sed
714 3867 889 3927 confirmant
906 3886 971 3927 eam
989 3871 1079 3947 ipsae,
1098 3871 1235 3949 quamvis
1252 3890 1363 3949 paucae

276 3957 345 4028 sint,
369 3955 532 4014 carminum
549 3951 726 4031 nuptialium
744 3952 883 4032 Sapphus
901 3954 1053 4034 reliquiae.
1096 3975 1166 4014 nam
1188 3955 1269 4034 quod
1287 3955 1364 4035 apud

278 4040 430 4106 Catullum
447 4060 475 4098 v.
495 4040 566 4098 20⁸.
585 4039 736 4116 Hesperus
755 4060 773 4097 a
790 4037 956 4118 puellarum
980 4039 1066 4098 choro
1085 4039 1267 4099 crudelitatis
1285 4043 1364 4101 ineu·
1464 4073 1465 4094 1

278 4132 368 4199 satur,
387 4126 438 4204 qui
461 4131 562 4185 natam
582 4126 675 4204 possit
693 4125 838 4204 conplexu
856 4125 957 4184 matris
975 4125 1111 4200 avellere,
1135 4125 1286 4185 simillima
1303 4147 1366 4187 sen·
