2968 4990
787 374 956 432 CATULLI

528 522 602 566 nam
619 520 683 583 quo
701 508 842 584 tempore
859 498 936 582 legit
952 497 1133 564 incohatam

527 593 685 680 Dindymi
702 592 871 666 dominam,
891 615 931 658 ex
949 613 987 658 eo
1004 593 1146 659 misellae

528 689 620 774 ignes
637 687 818 752 interiorem
837 687 936 752 edunt
952 686 1133 752 medullam.

527 782 659 867 ignosco
676 780 744 857 tibi,
764 778 927 865 Sapphica
943 780 1050 865 puella

527 897 621 939 musa
638 874 772 939 dacrion
796 884 843 938 est
860 874 945 938 enim
963 883 1095 939 venuste

527 991 647 1054 magna
664 966 805 1033 Caecilio
822 967 970 1033 incohata
986 979 1097 1033 mater.
1164 973 1166 977 ’

785 1156 956 1168 ——--——

782 1315 953 1381 XXXVI.

463 1437 607 1503 Annales
624 1434 748 1511 Volusi,
767 1445 876 1500 cacata
894 1434 1012 1512 charta,

463 1541 572 1595 votum
590 1529 703 1594 solvite
721 1550 778 1612 pro
796 1551 867 1594 mea
884 1529 999 1612 puella.

463 1647 539 1689 nam
557 1634 684 1689 sanctae
701 1623 821 1688 Veneri
840 1620 1056 1708 Cupidinique

464 1717 561 1794 vovit,
581 1717 608 1782 si
625 1715 686 1781 sibi
703 1716 866 1780 restitutus
884 1737 986 1782 essem

464 1812 679 1893 desissemque
697 1823 801 1875 truces
819 1811 944 1875 vibrare
960 1810 1093 1885 iambos,

463 1904 653 1970 electissima
670 1903 799 1988 pessimi
817 1914 929 1989 poetae

463 1999 580 2084 scripta
597 1998 752 2082 tardipedi
772 1997 832 2062 deo
850 1997 996 2061 daturam

463 2092 645 2158 infelicibus
662 2091 834 2155 ustulanda
850 2091 956 2176 lignis.

464 2198 497 2252 et
512 2185 573 2251 hoc
591 2185 729 2270 pessima
747 2208 781 2250 se
798 2184 906 2270 puella
922 2182 1001 2247 vidit

463 2281 569 2345 iocose
586 2279 692 2365 lepide
708 2301 825 2344 vovere
843 2278 933 2342 divis.

463 2396 558 2451 nunc,
577 2397 596 2439 o
615 2373 761 2439 caeruleo
780 2381 886 2438 creata
903 2382 1012 2458 ponto,

463 2490 545 2552 quae
564 2477 709 2532 sanctum
727 2465 863 2532 Idalium
881 2469 898 2546 i
915 2465 1062 2549 uriosquc
1082 2474 1207 2550 apertos

464 2584 610 2648 quaeque
628 2563 765 2626 Ancona
784 2559 987 2644 Cnidumque
1005 2560 1251 2625 harundinosam

464 2657 541 2723 colis
559 2677 704 2740 quaeque
722 2654 920 2719 Amathunta
938 2675 1085 2738 quaeque
1103 2651 1224 2738 Golgos

463 2771 609 2836 quaeque
627 2748 842 2813 Durrachium
860 2747 1002 2812 Hadriae
1019 2748 1191 2821 tabernam,

463 2853 628 2929 acceptum
646 2843 716 2906 face
733 2842 956 2924 redditumque
974 2851 1093 2916 votum,

464 2939 572 3004 sinon
590 2936 763 3022 inlepidum
783 2957 887 3018 neque
904 2934 1148 2999 invenustumst.

464 3042 497 3097 at
513 3053 571 3096 vos
588 3031 708 3094 interea
726 3028 830 3094 venite
847 3028 879 3090 in
898 3028 1016 3112 iguem,

463 3124 549 3212 pleni
567 3124 648 3188 ruris
666 3133 699 3188 et
715 3122 923 3187 inficetiarum

467 3219 596 3284 annales
614 3216 739 3294 Volusi,
758 3226 868 3281 cacata
885 3215 1004 3280 charta.

783 3405 953 3416 *-

772 3563 960 3630 XXXVII.

465 3684 564 3752 Salax
582 3682 715 3750 taberna
731 3705 852 3766 vosque
870 3683 1120 3760 contubernales,

463 3803 483 3843 a
501 3777 638 3864 pilleatis
655 3798 741 3842 nona
757 3776 907 3843 fratribus
925 3778 1000 3862 pila,

464 3873 539 3938 solis
557 3871 676 3958 putatis
694 3893 763 3936 esse
781 3872 937 3937 mentulas
956 3869 1057 3946 vobis,

464 3967 539 4032 solis
556 3967 651 4032 licere
669 3965 823 4050 quidquid
841 3976 889 4030 est
905 3965 1082 4051 puellarum
1120 3999 1123 4006 ·

465 4061 651 4127 confutuere
669 4071 701 4125 et
717 4070 829 4145 putare
847 4069 967 4124 ceteros
984 4058 1107 4124 hircos?

464 4178 515 4232 an,
532 4154 730 4221 continenter
747 4154 833 4238 quod
852 4153 967 4220 sedetis
985 4152 1097 4218 insulsi
