2954 4990
307 367 385 410 mu
743 364 970 408 PROHIGOMENA

310 490 386 558 eius,
409 484 484 542 sicut
505 489 672 556 consuerat,
698 484 744 542 uti
764 484 980 562 perseveravit!
1016 504 1074 565 quo
1096 485 1129 544 in
1150 484 1216 546 loco
1236 487 1405 547 versiculos

310 570 347 630 de
368 570 518 628 Mamurra
544 566 658 626 iambos
684 570 823 627 carminis
844 569 957 629 XXIX
978 570 1193 648 intellegendos
1219 589 1281 630 esse
1309 591 1404 650 supra

305 655 583 716 demonstravimus.
617 654 677 710 iam
700 672 766 711 cum
788 673 812 711 c.
830 653 944 714 XXIX
964 675 1043 714 anno
1062 649 1175 732 699155
1198 665 1328 715 exeunte
1350 656 1404 716 vel

305 742 430 800 ineunte
447 758 527 796 auno
544 739 677 815 proximo
695 740 879 816 conpositum
901 741 946 811 sit,
969 739 1080 800 bellurn
1097 748 1195 800 autem
1219 739 1307 799 civile
1325 739 1404 801 Cae·

305 827 382 884 saris
399 825 484 882 initio
506 815 711 900 0001705149
735 825 885 896 exarserit,
908 821 1060 884 Catullum
1080 827 1160 883 intra
1179 825 1236 883 boc
1256 828 1403 905 temporis

306 911 436 988 spatium
454 908 624 986 imperatori
640 908 712 966 satis
729 906 833 967 fecisse
851 915 972 985 oportet.
1002 929 1131 988 namque
1145 908 1312 982 Caesarem,
1331 930 1402 970 cum

307 995 386 1052 hanc
412 991 643 1051 satisfactionem
668 993 826 1070 acciperet,
854 992 986 1052 nondum
1007 993 1117 1054 desisse
1140 994 1307 1054 Galliarum
1334 1016 1401 1075 pro-

305 1077 459 1139 consulem
481 1095 545 1136 0000
570 1077 630 1135 iam
656 1095 695 1136 ex
719 1094 754 1135 00
780 1076 908 1135 efficitur
934 1078 1014 1157 quod
1035 1079 1193 1138 Suetonius
1219 1077 1304 1138 addit
1330 1100 1401 1140 eum

306 1165 399 1242 patris
418 1161 530 1222 Catulli
546 1160 682 1239 hospitio,
706 1161 782 1220 sicut
803 1165 1011 1236 consuevisset,
1032 1165 1077 1221 uti
1099 1182 1309 1242 perseverasse.
1347 1165 1401 1226 sed

302 1247 386 1328 quod
407 1248 557 1307 Brunerus
579 1267 607 1325 p.
633 1247 703 1317 642,
727 1245 899 1305 Schwabius
920 1266 949 1324 p.
968 1248 1039 1320 237,
1062 1247 1265 1326 Westphalius
1285 1269 1315 1327 p.
1336 1251 1400 1309 214

306 1352 408 1394 omnes
426 1352 485 1392 uno
504 1350 648 1391 00000000
666 1338 800 1389 statuunt
815 1338 934 1410 poetam
952 1352 1030 1391 anno
1051 1331 1164 1407 700154
1181 1336 1305 1393 ineunte
1324 1333 1399 1395 Cae·

306 1421 380 1478 saris
398 1421 525 1495 gratiam
543 1416 601 1475 sibi
618 1416 831 1490 reconciliasse,
848 1415 951 1477 10000
970 1417 1089 1497 quidem
1106 1417 1296 1477 falsissimum
1317 1418 1399 1480 duci-

305 1524 380 1576 mus,
397 1502 448 1562 001
465 1505 490 1562 01
508 1522 531 1560 c.
546 1501 659 1559 XXIX
676 1503 736 1558 iarn
754 1501 808 1559 sub
826 1500 916 1560 finem
933 1504 1006 1562 anni
1022 1502 1226 1582 praecedentis
1243 1503 1398 1564 conditum

299 1597 358 1648 est.
393 1589 510 1660 etenim,
537 1593 682 1663 utsupra
702 1583 838 1658 vidimus,
864 1585 919 1644 500
940 1588 1053 1646 iambos
1074 1590 1145 1646 satis
1167 1587 1260 1647 multa
1282 1588 1346 1648 alia
1366 1593 1398 1650 in

195 1732 198 1740 ,
300 1672 464 1732 Caesarem
482 1678 512 1730 et
530 1669 724 1730 Caesarianos
742 1673 874 1729 carmina
891 1681 991 1731 secuta
1008 1680 1085 1745 sunt,
1108 1692 1232 1752 quornm
1253 1673 1398 1753 pleraque

304 1777 366 1815 000
384 1763 453 1816 ante
470 1774 582 1814 annum
598 1750 713 1833 700154
732 1758 841 1832 scripta
857 1772 921 1814 esse
938 1764 990 1815 aut
1007 1765 1119 1816 certum
1136 1765 1188 1816 aut
1200 1761 1265 1816 veri
1283 1759 1397 1818 01001111-

303 1862 385 1900 mum
406 1849 458 1901 est.
493 1860 566 1899 num
590 1859 661 1900 vero
682 1838 744 1898 0110
766 1838 852 1899 modo
878 1848 923 1899 est
947 1841 1101 1920 probabile
1123 1840 1274 1901 Catullum
1296 1847 1399 1904 statim

304 1934 371 2006 post
396 1925 538 2002 evulgata
557 1927 615 1984 ista
636 1925 777 2004 probrosa
801 1927 932 1984 carmina
954 1929 1074 1986 veniam
1095 1945 1196 1986 eornm
1217 1948 1235 1985 a
1257 1926 1397 2002 Caesare,

299 2031 393 2092 quem
410 2012 468 2072 sibi
490 2013 578 2070 irasci
594 2009 676 2069 haud
693 2012 850 2086 ignoraret,
871 2017 973 2089 petere
990 2031 1093 2071 ausum
1112 2011 1195 2072 esse?
1220 2016 1311 2072 immo
1332 2016 1399 2094 ipsa

302 2099 346 2158 rei
364 2106 471 2157 natura
488 2094 593 2156 suadet
609 2103 643 2154 ut
659 2095 845 2174 aliquantum
858 2098 998 2174 temporis
1011 2099 1088 2156 inter
1105 2097 1161 2156 hoo
1174 2105 1204 2156 et
1217 2097 1293 2156 illud
1306 2101 1399 2158 inter·

301 2185 430 2262 positum
448 2181 539 2241 fuisse
557 2200 715 2252 sumamus,
738 2183 825 2259 eique
848 2182 1033 2241 coniecturae
1050 2181 1170 2243 aliunde
1188 2202 1306 2261 quoque
1324 2187 1398 2243 satis

301 2269 480 2327 firmamenti
498 2265 620 2326 accedit.
656 2265 815 2325 Suetonius
838 2266 858 2324 1.
877 2285 910 2338 c,
934 2269 1105 2346 priusquam
1127 2266 1160 2324 id
1181 2267 1260 2346 quod
1283 2267 1322 2326 00
1341 2268 1398 2329 Ca·

301 2353 409 2411 tullum
427 2358 539 2430 spectat
557 2352 716 2410 memoriae
732 2349 840 2429 prodit,
859 2358 961 2409 narrat
976 2351 1081 2411 haece:
1106 2351 1196 2412 ‘Gaio
1217 2351 1310 2412 Calvo
1330 2363 1397 2432 post
1464 2389 1465 2434 3

302 2438 416 2496 famosa
433 2438 648 2513 epigrammata
666 2434 702 2494 00
725 2433 965 2495 reconciliatione
987 2455 1040 2514 per
1061 2439 1171 2496 amicos
1194 2440 1297 2514 agenti
1316 2439 1397 2498 ultro

296 2542 337 2580 ac
359 2523 440 2599 prior
461 2521 577 2598 scripsit
595 2514 749 2594 (Caesar).’
785 2519 892 2599 quodsi
912 2528 1081 2601 reputamus
1105 2520 1255 2581 Catullum
1278 2523 1399 2584 01001-

300 2626 373 2665 vum
390 2625 505 2664 summa
521 2603 723 2663 familiaritate
740 2606 818 2662 inter
835 2623 866 2664 00
884 2609 1055 2666 coniunctos
1073 2605 1164 2666 fuisse
1182 2627 1323 2686 armaque
1342 2629 1397 2668 sua

299 2698 405 2751 contra
421 2696 556 2769 potentes
573 2691 606 2747 in
622 2688 776 2768 republica
793 2691 983 2764 consociasse,
1002 2711 1062 2750 000
1080 2690 1167 2750 facile
1185 2690 1312 2751 alterum
1331 2696 1397 2753 sine

227 2787 229 2792 ’
300 2777 393 2836 altero
412 2774 567 2835 consilium
584 2773 724 2853 placandi
743 2772 878 2835 Caesaris
895 2778 1007 2853 cepisse
1029 2776 1245 2836 arbitrabimur.
1282 2775 1396 2838 Calvus

298 2869 399 2922 autem
423 2867 582 2921 00010000
603 2866 700 2937 potest
721 2860 892 2937 imperatori
918 2863 978 2918 iam
1000 2881 1025 2919 a.
1051 2854 1165 2938 700154
1187 2863 1397 2924 reconciliatus

295 2967 372 3020 0000,
392 2949 502 3027 quippe
520 2965 578 3025 quo
597 2944 733 3003 omnibus
752 2948 852 3003 nervis
869 2944 1054 3004 contenderit
1076 2954 1109 3004 ut
1125 2947 1289 3020 Vatinium,
1308 2950 1397 3007 mini·

295 3041 393 3091 strum
420 3031 568 3104 Caesaris,
595 3029 743 3108 perderet,
775 3048 902 3108 eumque
927 3050 1027 3090 mense
1054 3029 1198 3103 Quinctili
1224 3031 1397 3093 absolutum

296 3117 399 3177 denuo
417 3119 450 3175 in
467 3115 610 3175 iudicium
627 3116 787 3200 vocayem't.
819 3113 899 3194 quod
916 3115 1035 3194 quidem
1053 3114 1183 3174 studium
1197 3115 1343 3192 Catullus,
1363 3127 1397 3178 ut

300 3222 390 3281 supra
407 3201 544 3274 vidimus,
563 3203 607 3258 ita
623 3200 761 3277 probavit
777 3207 811 3259 ut
832 3197 1008 3259 familiarem
1026 3219 1109 3260 suum
1133 3210 1253 3280 propter
1270 3203 1397 3264 mirifice

295 3286 450 3364 explicata
472 3287 596 3344 crimina
612 3285 778 3344 Vatiniana
799 3285 963 3358 extolleret,
987 3283 1160 3344 Ciceronem
1180 3295 1278 3345 autem
1298 3288 1343 3346 rei
1363 3291 1398 3348 in

294 3371 427 3448 gratiam
446 3367 581 3428 Caesaris
601 3369 784 3429 defensorem
802 3369 967 3429 lacesseret.
997 3369 1071 3429 haec
1089 3379 1246 3450 utrumque
1263 3373 1398 3432 amicum

299 3475 379 3514 anno
397 3472 484 3534 quem
507 3453 637 3512 diximus
654 3474 673 3512 a
691 3453 821 3513 consiliis
843 3456 925 3532 pacis
947 3453 1036 3532 longe
1058 3454 1167 3515 afuisse
1190 3456 1304 3516 docent.
1340 3461 1397 3518 vix

299 3547 399 3598 autem
425 3545 522 3617 potest
549 3537 679 3596 dubitari
705 3540 778 3617 quin
805 3537 940 3598 Catullus
967 3541 998 3598 in
1022 3539 1123 3601 Gallia
1149 3540 1301 3620 cisalpina,
1330 3544 1397 3603 sive

298 3626 437 3686 Veronae
458 3625 530 3696 sive,
558 3621 638 3702 quod
659 3622 814 3696 malumus,
842 3625 875 3682 in
904 3623 963 3683 alio
989 3624 1090 3703 aliquo
1111 3624 1200 3684 huius
1221 3628 1397 3704 provinciae

294 3710 420 3791 oppido,
438 3707 559 3768 Caesari
575 3706 770 3768 satisfecerit
797 3729 902 3787 parum
916 3711 994 3769 enim
1009 3707 1151 3769 credibile
1165 3718 1209 3769 est
1225 3719 1346 3788 poetam
1364 3717 1397 3772 10

298 3796 431 3857 Galliam
444 3793 657 3872 transalpmam
672 3811 736 3852 sese
750 3794 908 3853 contulisse
918 3813 1015 3873 neque
1028 3796 1182 3855 occasione
1191 3796 1265 3854 citra
1277 3807 1396 3857 montes

294 3902 367 3942 cum
386 3880 514 3941 Caesare
531 3877 751 3954 congrediendi,
770 3875 846 3957 quae
864 3877 925 3938 fere
943 3883 1102 3959 quotannis
1120 3888 1251 3959 tempore
1267 3880 1396 3942 hiberno

294 3986 330 4026 00
357 3966 461 4025 offerre
488 3963 614 4035 solebat,
641 3982 728 4024 usum
754 3981 825 4023 esse.
858 3965 919 4022 iam
945 3984 1012 4023 cum
1035 3963 1192 4024 Caesarem
1216 3985 1241 4024 a
1268 3963 1396 4043 701153,

292 4053 370 4129 quia
390 4053 531 4111 maiorem
554 4047 674 4109 Galliae
695 4055 808 4107 motum
829 4055 1006 4128 expectaret,
1029 4056 1110 4108 trans
1132 4048 1226 4128 Alpes
1247 4049 1397 4113 hiemasse

292 4137 425 4196 sciamus
448 4133 488 4213 (v.
511 4132 579 4196 bell.
604 4131 683 4195 Gall.
706 4133 753 4194 VI
777 4131 817 4210 1),
844 4131 882 4193 ad
908 4136 1018 4213 primos
1044 4153 1159 4195 menses
1187 4133 1395 4215 0001702152
