2954 4990
282 399 340 442 VIII
714 397 940 441 Pnomeomrus

282 517 422 578 LXVIII
438 537 466 576 v.
484 517 544 576 143
559 537 596 576 ss.
615 516 825 589 demonstrant,
843 517 895 576 ubi
912 524 999 596 poeta
1017 536 1097 577 eram
1110 538 1193 576 suam
1206 538 1267 577 non
1284 519 1371 578 iustis

282 605 395 690 nuptiis
414 602 471 662 sibi
488 604 620 661 iunctam
637 605 711 661 raris
728 602 864 662 noctibus
882 602 992 660 furtiva
1005 604 1181 662 munuscula
1194 603 1310 664 dedisse
1327 607 1369 662 ait

284 688 389 767 ‘ipsius
407 706 445 747 ex
462 690 527 766 ipso
545 687 665 766 dempta
681 689 739 745 viri
757 689 868 764 gremio
875 687 891 760 ²,
915 706 992 766 quae
1008 687 1100 747 verba
1121 709 1181 747 non
1201 708 1288 767 posse
1310 690 1368 747 nisi

284 773 321 832 de
339 775 443 832 marito
462 772 542 831 dicta
559 790 623 832 esse
644 770 677 830 id
693 775 790 850 ipsum
807 771 886 851 quod
910 775 1069 850 opponitur
1086 773 1184 832 efficit.
1216 773 1318 833 eadem
1336 776 1368 831 in

283 859 380 934 elegia
398 857 533 917 Catullus
551 877 618 916 cum
639 857 741 936 puella
762 876 816 915 sua
837 856 916 935 apud
935 857 1084 915 dominam
1103 858 1261 936 quandam,
1285 861 1370 917 cuius

282 962 391 1002 nomen
408 945 519 1015 reticet,
538 961 570 1002 se
583 944 757 1002 convenisse
775 961 898 1020 eamque
917 941 972 1000 sibi
991 946 1105 1020 copiam
1123 944 1160 1002 ab
1173 944 1255 1002 Allio
1273 947 1369 1002 amico

282 1028 392 1087 factam
413 1047 476 1088 esse
501 1035 625 1087 testatur
647 1022 687 1102 (v.
712 1029 751 1084 67
771 1046 807 1086 ss.
832 1023 919 1101 156),
946 1026 1026 1107 quod
1047 1027 1166 1105 quidem
1192 1028 1368 1087 beneficium

281 1115 358 1172 tanti
380 1115 516 1172 aestimat
541 1111 679 1171 utillum
703 1114 824 1171 summis
846 1111 968 1170 extollat
993 1111 1139 1172 laudibus.
1171 1131 1313 1191 quaeres
1336 1113 1367 1171 id

282 1198 363 1278 quod
380 1197 417 1257 de
434 1217 542 1274 genere
564 1204 594 1256 et
616 1196 789 1256 condicione
806 1196 933 1257 Lesbiae
951 1196 1080 1255 diximus
1102 1199 1287 1257 verissimum
1306 1217 1368 1257 esse

284 1283 377 1354 docet,
396 1285 544 1362 quoniam,
568 1284 593 1342 si
610 1282 663 1340 illa
680 1284 806 1361 innupta
823 1289 912 1361 atque
930 1301 946 1341 e
964 1282 1054 1358 vulgo
1072 1281 1182 1355 fuisset,
1206 1285 1369 1342 occasionis

283 1388 350 1427 cum
368 1387 404 1426 ea
422 1367 634 1445 congrediendi
651 1367 818 1426 tarditatem
838 1367 966 1445 opperiri
982 1368 1103 1427 minime
1121 1387 1193 1446 opus
1212 1376 1281 1427 erat.
1317 1387 1368 1427 ne·

282 1473 340 1532 que
357 1472 425 1513 eum
439 1456 491 1533 qui
508 1454 621 1512 intento
639 1455 737 1511 animo
755 1459 872 1530 poetam
889 1452 987 1528 legere
1000 1454 1153 1512 consuevit
1166 1455 1299 1533 quaesita
1315 1453 1369 1512 illa

282 1538 444 1597 obscuritas
462 1537 558 1614 fugiet
573 1539 606 1595 in
625 1536 792 1595 adferendis
811 1539 852 1596 eis
870 1555 946 1616 quae
964 1536 1002 1595 ad
1019 1540 1090 1596 istos
1108 1545 1270 1596 conventus
1287 1557 1368 1616 spec·

282 1629 348 1681 tant
366 1625 523 1700 conspicua
541 1616 630 1696 (conf.
647 1641 676 1680 v.
697 1623 735 1679 51
752 1618 810 1694 ss).
843 1630 971 1680 ceterum
988 1642 1049 1681 non
1067 1623 1161 1681 solum
1178 1641 1216 1681 ex
1233 1623 1290 1681 hoc
1307 1643 1368 1681 car

281 1709 374 1778 mine,
402 1706 454 1766 sed
477 1709 625 1766 etiamen
651 1706 717 1764 aliis
744 1727 804 1764 non
826 1706 928 1778 nullis,
956 1706 1092 1786 adquae
1117 1728 1187 1765 mox
1210 1706 1368 1786 disputatio

281 1791 497 1870 progredietur,
528 1793 704 1870 perspicitur
736 1790 867 1864 Catullo,
899 1793 1070 1871 priusquam
1102 1811 1200 1850 amore
1230 1812 1282 1852 suo
1309 1793 1367 1850 frui

281 1885 392 1956 posset,
419 1879 563 1935 maximas
590 1875 778 1936 difficultates
800 1875 981 1954 superandas
1002 1876 1106 1949 fuisse,
1133 1879 1316 1955 nimiumque
1338 1897 1368 1936 se

281 1964 390 2039 gestire
407 1963 471 2041 ipse
489 1982 512 2021 c.
527 1961 573 2020 LI
587 1963 626 2020 14
645 1962 808 2021 confitetur.
834 1981 921 2040 porro
938 1971 1040 2020 votum
1056 1961 1172 2040 puellae
1191 1982 1213 2020 c.
1227 1962 1369 2022 XXXVI

281 2054 462 2120 enarratum,
486 2047 524 2106 de
541 2067 599 2126 quo
617 2047 695 2106 infra
712 2049 878 2106 accuratius
901 2067 1035 2124 agemus,
1059 2067 1123 2106 eam
1144 2049 1265 2124 ingenio
1287 2047 1368 2106 haud

280 2132 408 2193 absurdo
426 2151 482 2192 nec
499 2133 672 2192 eruditionis
691 2139 841 2210 expertem
858 2132 949 2191 fuisse
971 2131 1106 2191 ostendit.
1139 2131 1266 2211 denique
1289 2140 1367 2190 totus

280 2221 401 2277 omnino
428 2237 518 2277 sonus
544 2220 708 2277 carminum
734 2218 772 2276 ad
798 2217 938 2276 Lesbiam
964 2219 1175 2295 pertinentium
1201 2217 1239 2276 de
1264 2216 1369 2276 humili

280 2303 401 2363 femella
423 2305 553 2379 cogitare
575 2322 630 2361 nos
651 2310 745 2374 vetat,
768 2321 865 2381 neque
886 2304 1049 2361 existimari
1070 2310 1165 2379 potest
1187 2309 1274 2380 poeta
1291 2323 1368 2361 sum-

280 2407 360 2446 mam
387 2388 473 2446 istam
500 2387 673 2446 modestiam
701 2387 818 2466 qualem
845 2389 982 2446 carminis
1003 2386 1140 2446 LXVIII
1162 2386 1236 2447 hacc
1257 2387 1327 2448 inde
1350 2408 1369 2446 a

280 2493 308 2530 v.
331 2472 389 2530 135
413 2472 504 2531 verba
524 2472 666 2551 produnt,
690 2471 781 2551 ‘quae
804 2482 901 2532 tamen
924 2474 979 2530 etsi
1001 2492 1060 2530 uno
1082 2492 1142 2530 non
1165 2481 1209 2532 est
1230 2481 1369 2532 contenta

282 2555 410 2628 Catullo,
433 2558 514 2616 Rara
529 2557 715 2616 verecundae
731 2556 811 2615 furta
828 2557 955 2617 feremus
974 2575 1048 2629 erae,
1071 2557 1119 2617 Ne
1135 2559 1260 2615 nimium
1278 2560 1368 2617 simus

281 2641 436 2701 stultorum
454 2661 534 2702 more
551 2641 688 2714 molesti',
711 2642 829 2700 mulieri
846 2650 938 2701 semet
959 2641 1092 2700 inferiori
1110 2649 1139 2701 et
1155 2645 1215 2700 iam
1238 2643 1368 2721 perfidae

281 2727 466 2786 exhibiturus
484 2726 584 2786 fuisse.
610 2727 683 2786 haec
701 2729 800 2785 omnia
817 2729 869 2807 qui
887 2729 1044 2786 coniuncta
1061 2730 1159 2786 animo
1178 2731 1366 2806 reputaverit,

281 2814 310 2871 ei
331 2812 471 2871 Lesbiam
488 2815 605 2890 penitus
621 2832 794 2890 persuasum
812 2814 868 2872 erit
884 2833 944 2871 uon
962 2815 1086 2871 amicam
1105 2812 1257 2888 vulgarem
1276 2813 1367 2873 fuisse
1462 2887 1463 2890 Ἴ

280 2899 408 2978 pecunie
426 2897 569 2976 donisque
587 2897 812 2970 conciliandam,
830 2896 883 2957 sed
895 2905 1059 2956 matronam
1071 2898 1164 2956 nobili
1181 2897 1245 2956 loco
1263 2906 1366 2969 ortam,
1462 2903 1463 2980 l

281 2981 320 3042 ad
338 3003 427 3063 quam
445 2983 542 3042 aditus
565 2991 640 3043 esset
658 2981 809 3041 difficilior
826 2990 855 3041 et
876 2983 1073 3060 periculosior.
1103 2982 1198 3042 forma
1219 2985 1282 3042 eius
1300 3002 1367 3041 cum

281 3067 347 3126 aliis
364 3068 437 3127 locis
454 3076 517 3127 tum
535 3089 558 3128 c.
573 3068 684 3128 XLIII
701 3077 731 3128 ct
744 3067 910 3126 LXXXVI
927 3067 1122 3146 praedicatur.
1151 3069 1234 3126 cuius
1251 3070 1368 3144 generis

280 3152 419 3212 laudibus
442 3155 497 3212 etsi
518 3173 571 3232 per
592 3173 624 3213 ee
645 3173 706 3212 non
727 3155 770 3212 ita
791 3153 916 3211 multum
938 3152 1127 3212 tribuendum
1150 3172 1213 3213 esse
1235 3152 1367 3212 concedi·

281 3257 355 3309 mus,
373 3237 492 3317 quando
506 3240 586 3297 omni
602 3239 665 3299 fere
678 3241 790 3298 amanti
807 3238 906 3318 puella
920 3246 1018 3297 amata
1036 3238 1110 3296 solet
1127 3237 1249 3315 pulchra
1262 3237 1366 3310 videri,

280 3330 389 3395 tamen,
413 3324 484 3400 quia
500 3322 615 3383 duobus
632 3323 692 3382 illis
713 3325 868 3402 poematiis
885 3322 996 3383 Lesbia
1018 3343 1084 3380 cum
1107 3321 1174 3380 aliis
1195 3322 1367 3381 mulieribus

281 3415 459 3485 conparatur
480 3407 722 3487 singularumque
744 3411 872 3487 corporis
893 3411 1034 3467 virtutum
1055 3406 1199 3486 quaedam
1218 3410 1303 3486 quasi
1323 3426 1367 3466 re·
1461 3449 1462 3466 .

280 3494 379 3551 censio
397 3492 438 3565 fit,
458 3510 522 3552 eam
540 3511 572 3552 re
589 3512 660 3553 vera
677 3494 917 3552 formosissimam
934 3493 1025 3553 fuisse
1043 3494 1253 3565 existimamus,
1277 3491 1367 3571 idque
1461 3481 1462 3554 l

280 3577 369 3637 etiam
396 3576 601 3637 ardentissimo
632 3597 704 3655 erga
732 3577 811 3637 hanc
840 3579 982 3638 feminam
1012 3597 1111 3638 amore
1137 3577 1248 3637 Catulli
1279 3587 1367 3657 atque

278 3664 409 3721 maximo
427 3663 606 3722 aemulorum
622 3684 695 3742 quos
712 3663 817 3723 habuit
829 3683 951 3723 numero
965 3660 1054 3739 (conf.
1067 3666 1100 3722 in
1113 3665 1216 3742 primis
1228 3683 1253 3720 o.
1263 3663 1311 3720 XI
1327 3663 1366 3720 18

279 3756 309 3807 et
324 3747 486 3806 XXXVII
505 3750 522 3804 7
540 3756 571 3808 et
590 3747 642 3825 15)
660 3749 788 3829 quodam
806 3748 893 3809 modo
917 3750 1112 3808 confirmatur.
1145 3757 1273 3807 ceterum
1291 3765 1367 3826 quae

278 3852 302 3891 o.
321 3832 432 3891 XLIII
450 3832 610 3894 decoctoris
628 3837 740 3894 amicae
757 3834 911 3893 Formiani
929 3835 1030 3894 deesse
1048 3834 1186 3893 dicuntur
1206 3832 1367 3911 pulchritu-

278 3917 357 3977 dinis
375 3921 469 3994 signa,
493 3918 621 3980 Lesbiae
638 3921 738 3978 omnia
754 3920 884 3979 adfuisse
902 3921 1099 3980 necessarium
1117 3927 1161 3978 est
1178 3916 1367 3977 concludere:
1460 3987 1461 3990 Ἴ

277 4020 343 4061 eam
361 4005 452 4080 igitur
468 4024 535 4064 cum
558 4004 624 4066 aliis
647 4007 775 4083 corporis
798 4006 882 4065 bonis
904 4013 967 4063 tum
988 4006 1082 4082 nigris
1105 4002 1197 4062 oculis
1219 4004 1367 4079 insignem
1460 3995 1461 4034 ³

275 4085 367 4146 fuisse
386 4089 597 4150 contendimus.
629 4091 699 4149 huic
716 4099 815 4150 autem
833 4091 955 4150 candori
972 4093 1103 4148 iunctam
1120 4089 1212 4148 fulese
1229 4094 1367 4155 venusta·

274 4178 335 4232 tem
352 4171 435 4232 illam
454 4177 579 4255 quaein
597 4175 697 4256 lepore
714 4175 886 4256 facetiisque
905 4178 1032 4236 cernitur
1048 4181 1137 4254 poeta
1156 4194 1179 4232 c.
1197 4172 1368 4233 LXXXVI
