2976 5004
556 353 671 409 LIBER

103 473 194 538 urbis
212 473 397 540 Dardaniae
415 475 578 560 Neptunia
596 477 717 550 solvere
736 477 850 554 vincla,

105 568 172 632 alta
189 568 366 652 Polyxenia
383 569 552 634 madefient
569 571 666 635 caede
684 572 838 655 sepulcra,

70 727 78 734 ,
105 683 201 744 quae,
221 663 309 726 velut
326 662 456 748 ancipiti
474 664 684 741 succumbens
703 665 831 728 victima
847 664 942 742 ferro,

79 823 85 830 ,
105 755 240 838 proiciet
256 765 403 820 truncum
420 756 577 821 submisso
596 758 714 843 poplite
733 780 857 842 corpus.

107 848 224 912 currite
242 848 393 914 ducentes
412 850 622 936 subtegmina,
642 851 768 927 currite,
786 851 859 915 fusi.

152 962 250 1023 quare
268 942 353 1026 agite
372 953 496 1028 optatos
515 945 612 1007 animi
631 945 813 1029 coniungite
831 967 964 1010 amores.

108 1035 245 1119 accipiat
261 1036 400 1100 coniunx
417 1036 503 1101 felici
520 1038 648 1102 foedere
667 1038 784 1114 divam,

109 1127 244 1192 dedatur
261 1131 377 1215 cupido
394 1130 458 1195 iam
477 1132 598 1195 dudum
615 1143 716 1216 nupta
733 1132 857 1197 marito.

109 1222 226 1286 currite
244 1223 395 1289 ducentes
413 1225 625 1310 subtegmina,
643 1225 768 1299 currite,
787 1225 859 1289 fusi.

152 1337 217 1379 non
234 1316 322 1381 illam
339 1320 445 1382 nutrix
464 1319 577 1383 orienti
593 1320 666 1384 luce
683 1320 824 1384 revisens

109 1406 258 1474 hesterno
276 1412 392 1476 collum
410 1412 524 1497 poterit
542 1413 738 1477 circumdare
755 1413 817 1477 filo.

111 1499 244 1588 [currite
262 1505 412 1570 ducentes
431 1507 642 1590 subtegmina,
661 1507 788 1581 currite,
806 1503 895 1591 fusi]

110 1595 207 1660 anxia
224 1619 284 1661 nec
301 1608 401 1663 mater
418 1598 570 1664 discordis
587 1608 708 1663 maesta
726 1599 851 1683 puellae

111 1689 258 1754 secubitu
275 1713 364 1755 caros
381 1693 483 1756 mittet
502 1715 628 1776 sperare
646 1705 787 1777 nepotes.

111 1783 229 1848 currite
247 1784 398 1850 ducentes
416 1785 629 1870 subtegmina,
648 1787 775 1862 currite,
793 1784 878 1849 fusi.'

155 1877 232 1941 talia
248 1879 429 1963 praefantes
446 1879 608 1963 quondam
626 1879 732 1944 felicia
747 1878 837 1943 Pelei

111 1970 254 2034 carmina
272 1971 379 2036 divino
397 1973 579 2038 cecinerunt
596 1984 724 2057 pectore
741 1994 866 2056 parcae.

111 2075 295 2148 praesentes
312 2087 450 2149 namque
468 2079 542 2131 ante
560 2067 672 2130 domos
689 2066 825 2130 invisere
843 2074 946 2130 castas

111 2157 246 2222 heroum
264 2167 295 2223 et
312 2181 381 2224 sese
400 2160 524 2224 mortali
542 2151 708 2224 ostendere
726 2169 819 2224 coetu

112 2251 283 2317 caelicolae
300 2253 441 2317 nondum
459 2266 565 2338 spreta
585 2253 704 2338 pietate
722 2252 874 2317 solebant.

113 2367 210 2430 saepe
227 2356 318 2431 pater
334 2347 443 2411 divum
461 2349 579 2432 templo
597 2348 630 2411 in
648 2346 791 2432 fulgente
809 2347 968 2424 residens,

114 2461 222 2504 annua
239 2463 313 2505 cum
330 2440 420 2506 festis
438 2442 599 2506 venissent
616 2464 706 2506 sacra
724 2440 846 2518 diebus,

114 2535 280 2619 conspexit
297 2545 380 2600 terra
397 2545 524 2601 centum
542 2535 751 2620 procumbere
769 2545 887 2599 tauros.

114 2651 210 2713 saepe
228 2651 327 2714 vagus
346 2628 446 2694 Liber
462 2628 598 2694 Parnasi
617 2630 733 2694 vertice
751 2651 877 2694 summo

14 2745 15 2748 ’
114 2723 261 2808 thyiadas
280 2722 387 2785 effusis
406 2723 529 2787 euantis
547 2722 686 2786 crinibus
705 2723 780 2807 egit,

115 2839 190 2882 cnm
207 2815 327 2900 Delphi
344 2825 411 2879 tota
429 2816 570 2880 certatim
589 2838 629 2879 ex
647 2816 726 2879 urbe
743 2825 871 2879 ruentes

115 2911 296 2995 acciperent
316 2909 391 2972 laeti
409 2909 518 2972 divum
536 2908 733 2972 fumantibus
750 2909 823 2972 aris.

116 3027 211 3090 saepe
228 3003 261 3067 in
278 3003 402 3067 letifero
420 3002 496 3066 belli
514 3003 685 3066 certamine
702 3002 834 3067 Mavors

117 3110 173 3164 aut
190 3097 293 3183 rapidi
310 3095 450 3160 Tritonis
469 3119 523 3161 era
541 3107 596 3160 ant
613 3096 812 3160 Rhamnusia
828 3095 919 3181 virgo

117 3203 254 3256 armatas
272 3189 434 3254 hominum
453 3200 502 3254 est
518 3212 667 3275 praesens
685 3189 810 3254 hortata
828 3201 979 3256 catervas.

117 3287 174 3352 sed
192 3295 360 3370 postquam
378 3285 470 3348 tellus
488 3284 605 3350 scelere
623 3294 672 3348 est
688 3284 811 3348 imbuta
827 3283 976 3362 nefando,

117 3380 331 3462 iustitiamque
349 3400 458 3443 omnes
477 3377 593 3463 cupida
610 3378 650 3442 de
668 3389 774 3442 mente
791 3377 954 3462 fugarunt,

117 3473 286 3560 perfudere
304 3494 417 3535 manus
435 3471 574 3536 fraterno
592 3472 746 3556 sanguine
763 3471 888 3548 fratres,

118 3566 237 3632 destitit
254 3564 409 3630 extinctos
427 3575 519 3628 natus
538 3567 647 3648 lugere
665 3575 822 3650 parentes,

119 3661 237 3745 optavit
255 3657 379 3743 genitor
396 3658 548 3742 primaevi
567 3658 679 3722 funera
695 3659 771 3734 nati,

117 3755 199 3818 liber
215 3763 251 3816 ut
268 3753 418 3837 innuptae
437 3762 597 3838 poteretur
614 3752 690 3816 flore
708 3774 873 3830 novercae,

117 3850 230 3934 ignaro
248 3857 349 3910 mater
367 3846 571 3910 substernens
589 3869 623 3910 se
641 3847 727 3932 inpia
743 3856 818 3910 nato

118 3941 205 4027 inpia
222 3961 286 4004 non
304 3939 404 4003 verita
423 3951 469 4004 est
487 3939 578 4003 divos
597 3941 749 4004 scelerare
767 3950 909 4025 penates,

117 4033 225 4098 omnia
242 4033 339 4098 fanda
352 4032 495 4110 ¹nefanda
512 4034 596 4098 malo
614 4035 770 4119 permixta
787 4034 893 4097 furore

932 4133 967 4184 4⁸
