2968 4990
509 403 686 446 morano
709 403 831 446 cafflca
1116 403 1215 444 CXXXV

125 521 245 584 locutus
263 529 314 583 est
349 541 446 600 neque
463 528 507 581 est
524 522 603 581 facta
620 521 693 581 baec
710 523 833 582 mutatio
850 523 908 580 nisi
926 520 964 580 ad
982 519 1215 583 conservandam

125 609 286 668 lectionem
309 610 411 678 instar,
440 625 529 685 quam
550 615 650 668 tamen
671 605 742 667 farri
763 626 849 686 posse
870 627 930 666 non
953 604 1083 665 adducor
1100 614 1134 663 ιιι
1155 624 1215 665 cre·

126 693 205 753 dam
251 693 334 752 cuius
355 694 388 750 in
409 691 506 750 vicem
528 691 609 770 quod
629 693 747 770 reposui
768 695 857 763 lucto,
883 710 917 752 eo
939 690 1014 750 illud
1032 691 1216 768 significatur

126 777 209 858 qnod
230 796 278 837 me
298 775 428 835 iudice
419 796 479 834 ram
500 778 532 834 in
553 779 618 855 ipso
640 778 778 836 carminis
800 778 884 835 initio
912 775 1074 852 significari
1095 793 1215 835 necesse

129 871 182 935 est,
201 862 356 921 continuas
373 860 465 936 fuisse
486 863 684 940 possessiones
701 862 852 921 Mentulae
870 859 960 936 (conf.
978 880 1006 919 v.
1025 859 1114 946 4)
1111 859 1214 948 similis

127 947 301 1026 depravatio
316 966 340 1004 c.
355 929 494 1005 LXVIII
508 948 577 1018 143,
597 947 648 1006 ubi
662 948 777 1004 dcaatra
790 966 842 1025 pro
858 948 958 1004 daura
970 946 1064 1005 V.·—
1076 934 1114 1001 2
1114 966 1214 1016 marta

129 1031 210 1111 quod
231 1030 351 1090 fuerunt
372 1031 424 1108 qui
446 1029 620 1091 coniecturis
641 1038 827 1110 temptarent
849 1033 1045 1092 verissimum
1053 1038 1104 1103 est,
1085 1029 1215 1089 tmodo

126 1117 193 1176 de'
184 1136 237 1192 mg
219 1115 355 1175 cantibus
372 1115 505 1191 locorum
518 1123 589 1194 spat
589 1118 626 1174 iis
640 1117 840 1195 tractibusque
852 1115 1017 1192 intellegas,
1036 1132 1113 1194 quae
1130 1134 1214 1174 voca-

127 1200 192 1260 buli
209 1206 337 1280 potestas
354 1219 415 1258 non
433 1199 536 1259 dubito
552 1203 626 1279 quin
649 1203 681 1259 in
699 1219 833 1260 sermone
850 1202 997 1259 communi
1014 1202 1215 1258 Romanorum

127 1287 238 1345 usitata
259 1285 355 1344 fuerit
399 1291 502 1343 notum
520 1292 564 1345 est
581 1283 711 1345 Graecos
733 1305 818 1344 suum
837 1279 963 1361 as'luyoc
980 1284 1017 1350 de
1034 1286 1139 1363 quavis
1161 1287 1216 1342 im-

127 1373 285 1431 mensitate
255 1369 467 1441 tdixisse,
457 1389 490 1427 111
517 1369 679 1448 eademqne
704 1369 876 1449 metaphora
901 1368 1115 1429 Sallustianum
1140 1368 1216 1428 illud

123 1459 221 1514 maria
237 1457 389 1530 montisque
401 1457 533 1530 polliceri
548 1457 675 1533 positum
689 1462 740 1513 est.
776 1463 864 1533 atque
877 1456 1035 1534 requiritur
1051 1454 1100 1513 hic
1112 1451 1216 1533 utiquc

127 1543 290 1599 immensae
320 1541 401 1598 notio
433 1538 659 1615 magnitudinis,
696 1542 766 1620 quia
801 1557 877 1618 qnae
911 1538 1061 1618 praecedit
1094 1540 1216 1614 triginta

127 1627 263 1702 iugerum
286 1627 363 1702 prati
381 1631 411 1682 et
435 1623 632 1703 quadraginta
649 1627 714 1683 arvi
737 1625 973 1684 commemoratio
991 1623 1030 1682 ad
1047 1623 1217 1700 significan·

128 1709 183 1768 das
209 1708 328 1767 divitias
355 1707 439 1767 solito
466 1711 592 1768 maiores
623 1711 746 1769 minime
771 1709 890 1768 sufficit.
942 1711 1042 1788 itaque
1068 1712 1216 1768 sententia

127 1795 203 1854 haec
224 1801 282 1853 est:
309 1793 436 1853 ‘ceterae
458 1801 575 1871 praeter
595 1802 680 1872 prata
701 1802 731 1854 et
753 1813 826 1854 arva
850 1793 942 1854 saltus
965 1801 1063 1872 partes
1086 1795 1216 1870 ingentis

127 1887 198 1940 aunt
215 1877 360 1937 ambitus!
404 1879 463 1936 iam
482 1886 550 1956 apte
566 1878 738 1956 adiungitur
757 1878 859 1938 Croesi
875 1881 995 1938 mentio.
1014 1909 1055 1920 -
1074 1879 1092 1936 5
1112 1883 1215 1936 saltuo-

127 1985 182 2040 que
206 1963 278 2023 ferri
303 1969 407 2041 potest,
435 1965 576 2042 quoniam
596 1983 625 2022 v.
643 1965 664 2021 4
687 1963 742 2022 boc
768 1983 876 2023 nomen
897 1958 1053 2022 manifesto
1077 1971 1121 2022 est
1145 1965 1216 2021 artis

128 2048 314 2119 vocabulum,
342 2067 399 2126 quo
418 2055 470 2105 aut
486 2049 623 2108 universe
640 2047 793 2127 praedium
810 2050 888 2107 varii
905 2051 1022 2124 generis
1040 2067 1127 2124 agros
1149 2067 1217 2106 con·

128 2134 261 2213 plectens
283 2139 336 2190 aut
356 2130 467 2190 fundus
490 2132 592 2191 finitae
609 2131 823 2210 magnitudinis
840 2140 966 2204 notatur,
985 2131 1103 2211 qualem
1120 2132 1216 2192 Varro

128 2238 184 2278 rer.
212 2224 283 2276 rust.
306 2217 324 2277 I
348 2218 387 2274 10
411 2223 483 2275 extr.
502 2215 649 2276 describit.
698 2215 831 2277 defendit
857 2217 1007 2294 Sydovius
1036 2234 1154 2296 quoque
1179 2215 1218 2276 de

127 2322 239 2363 recens
255 2300 368 2361 Catulli
382 2304 502 2362 carmin.
516 2321 545 2402 p.
557 2302 628 2360 tas.
661 2301 738 2361 conf.
756 2303 845 2360 etiam
859 2303 966 2362 Munro
981 2302 1042 2360 crit.
1058 2303 1165 2361 2⁸22ss
1174 2333 1218 2342 -

129 2390 255 2465 Vipsest
271 2385 486 2446 Froehlichins.
531 2389 592 2486 ipae
608 2407 633 2444 ιιι
630 2387 680 2447 V
697 2383 814 2461 (eodem
835 2386 949 2446 modo
939 2407 972 2445 m
995 2387 1111 2464 optimis
1133 2386 1218 2445 libris

128 2480 281 2552 peccatum
303 2491 327 2530 c
345 2471 440 2530 LXII
457 2469 498 2544 8).
542 2474 603 2547 ipae
624 2482 665 2531 act
686 2472 786 2550 vulgo
830 2475 890 2550 ipsc
908 2491 937 2530 cs
954 2479 1021 2551 post
1009 2471 1148 2531 tItalum
1165 2471 1220 2529 ali

127 2577 217 2637 quem
234 2556 444 2616 Lachmannus
462 2556 678 2638 Hauptiusque.

194 2641 297 2702 OXVI
314 2642 335 2698 4
353 2644 408 2698 tela
426 2643 528 2714 infesta
544 2663 631 2700 mcum
648 2644 788 2702 Muretus.
834 2645 896 2701 tolia
914 2640 1004 2718 (calio
1010 2637 1051 2716 Ο)
1068 2641 1217 2715 infestaV.

128 2729 192 2786 telis
209 2727 338 2798 infestum
354 2725 565 2786 Lachmannus
583 2746 620 2787 ex
633 2729 699 2800 D,
690 2750 701 2786 1
702 2736 820 2806 emque
831 2727 990 2806 Hauptius.
1005 2771 1007 2778 .
1026 2745 1102 2804 quae
1119 2726 1217 2797 lectio,

131 2811 267 2891 quamvis
290 2811 423 2887 speciosa
445 2812 491 2880 sit,
516 2819 617 2872 tamen
634 2811 785 2872 reicienda
801 2822 854 2871 est.
898 2813 1064 2883 nonenim,
1088 2813 1112 2868 si
1128 2813 1219 2883 funda

128 2899 210 2955 mittit
229 2902 258 2955 ct
275 2893 382 2954 similia
401 2893 534 2953 absoluta
552 2894 697 2968 dicuntur,
721 2898 854 2975 sequitur
874 2900 938 2954 telio
954 2899 1060 2952 mittere
1077 2896 1218 2953 Latinum

129 2999 201 3042 esse.
228 2998 325 3059 neque
338 2997 408 3037 vero
426 2997 479 3058 per
497 2983 672 3039 sententiam
689 2980 752 3040 fieri
770 2987 868 3058 potest
884 2987 918 3038 ut
935 2982 997 3038 telis
1015 2999 1053 3038 ex
1069 2978 1218 3038 adiectivo

129 3068 258 3139 infectum
279 3063 415 3142 pendeat,
439 3083 498 3143 qua
520 3063 558 3124 de
574 3067 791 3124 constructione
808 3064 946 3123 Ellisium
969 3067 1113 3140 cogitasse
1130 3067 1218 3122 mira-

128 3170 235 3224 remur,
262 3151 322 3208 nisi
347 3149 574 3207 commentarius
600 3151 663 3208 eins
689 3148 855 3208 abundaret
885 3151 1030 3227 perversis
1060 3149 1219 3209 enarrandi

128 3236 291 3296 conatibus.
343 3233 459 3293 accedit
488 3233 567 3312 quod
600 3229 773 3313 pronomine
798 3233 948 3312 personali
972 3232 1023 3292 vel
1054 3236 1218 3312 possessivo

130 3339 218 3396 aegra
244 3336 378 3378 caremus
404 3319 437 3377 in
459 3318 515 3377 boc
536 3321 701 3389 enuntiato,
728 3322 864 3398 inestque
890 3317 1013 3378 fortasse
1038 3321 1071 3376 in
1096 3318 1166 3378 libri
1186 3319 1217 3377 D

128 3408 273 3484 scriptura
290 3405 419 3477 infestum
436 3423 489 3482 pro
503 3405 605 3477 infesta
623 3412 711 3464 tenue
724 3406 885 3482 vestigium
902 3406 965 3463 eius
983 3403 1120 3463 vocabuli
1138 3403 1220 3484 quod

128 3499 199 3552 ante
214 3492 323 3548 mittere
339 3487 485 3548 excidisse
503 3489 688 3549 arbitramur.
