2954 4990
533 387 761 431 Pnonneonnns
1159 389 1193 430 XI

103 504 290 582 adsignanda
316 523 388 579 esse,
414 512 493 566 recte
518 505 598 566 haud
623 507 713 567 dubis
739 507 940 567 Mommsenus
967 505 1087 584 collegit
1112 507 1192 585 'I'ap-

102 610 211 669 ponem
228 590 399 650 sollemnem
424 591 552 667 figuram
577 592 737 675 iocularem
763 593 796 650 in
823 593 968 652 conviviis
990 593 1192 651 Romanorum

102 676 207 749 fnisse,
234 696 288 736 nec
309 676 479 755 Tappulam
505 676 602 753 legem
629 680 713 737 cuius
730 677 867 736 Lucilius
892 698 921 756 p.
946 677 1006 738 158
1030 678 1066 736 L.
1088 677 1190 737 Muell

102 763 238 820 meminit
259 761 375 821 adferre
398 764 502 821 omisit.
539 761 645 841 quodsi
671 762 801 822 eiusdem
827 762 941 839 figurae
966 763 999 821 in
1026 781 1113 822 versu
1136 760 1192 821 Ca-

102 845 228 904 tulliano
246 851 427 906 mentionem
442 847 508 906 fieri
526 850 690 919 statuimus,
709 855 739 906 et
755 846 910 926 illaquam
926 849 1014 924 tetigi
1031 846 1192 906 difficultas

101 939 269 990 removetur
287 941 316 990 et
333 932 401 1010 plus
417 931 549 1011 profecto
567 933 773 1010 epigrammati
793 932 869 991 lucis
891 934 1045 1011 maiusque
1066 950 1191 991 acumen

102 1016 224 1076 accedit.
259 1025 322 1075 tum
344 1019 423 1076 enim
449 1023 536 1095 pocta
562 1017 619 1076 sibi
641 1018 687 1075 ‘in
712 1020 777 1076 ioco
804 1024 893 1096 atque
917 1018 1002 1076 vino’
1030 1017 1192 1096 inprudens

100 1100 224 1180 aliquod
241 1101 278 1162 de
295 1102 405 1161 Lesbia
421 1102 545 1160 verbum
563 1102 709 1162 excidisse
726 1102 875 1178 significat
892 1102 1039 1181 simulque
1055 1122 1123 1161 eum
1140 1104 1193 1182 qui

100 1185 134 1243 id
151 1185 258 1264 cupide
274 1187 439 1265 arripuerat
455 1186 554 1265 lepido
574 1186 660 1246 modo
682 1186 817 1245 traducit.
852 1186 905 1246 551
927 1194 960 1244 11
977 1187 1130 1247 redeamus
1153 1186 1194 1246 ad

100 1273 292 1350 propositum,
315 1274 375 1330 iam
392 1270 500 1350 puella,
523 1273 579 1330 atsi
595 1290 650 1330 sua
666 1279 770 1350 sponte
786 1273 819 1329 in
840 1273 966 1348 gratiam
989 1292 1056 1330 eum
1074 1271 1192 1332 Catullo

101 1363 270 1427 reverterat,
292 1355 381 1415 simul
403 1376 471 1415 cum
488 1355 555 1414 aliis
573 1375 634 1415 rem
652 1356 761 1416 habere
779 1364 831 1415 aut
848 1354 983 1416 Catullus
1001 1356 1034 1414 id
1050 1351 1209 1436 suspicari*

101 1443 206 1518 coepit.
237 1441 307 1499 huic
323 1443 449 1519 tempori
467 1462 490 1500 5
510 1440 584 1501 CIX
602 1441 739 1515 attribuo,
758 1440 835 1520 quod
855 1461 922 1500 cum
940 1441 1080 1502 scriberet
1096 1449 1192 1520 poeta,

99 1526 229 1604 primum
248 1525 284 1585 de
302 1525 360 1585 fide
376 1527 503 1586 Lesbiae
520 1526 726 1586 subdubitasse
742 1525 869 1600 videtur,
887 1534 921 1584 ut
937 1534 1016 1586 15515
1033 1545 1081 1586 me
1094 1526 1193 1586 iudice

100 1613 205 1668 statuit
223 1608 258 1670 0.
276 1609 458 1671 Ribbeckius
476 1612 570 1671 libelli
589 1614 635 1672 sui
652 1612 689 1672 de
708 1610 825 1671 Catullo
842 1633 871 1690 p.
887 1612 938 1685 56,
957 1632 985 1669 n.
1005 1612 1053 1669 23.
1072 1632 1133 1670 non
1150 1614 1193 1681 ita

100 1695 195 1755 multo
211 1705 286 1775 post,
310 1716 377 1756 cum
396 1695 532 1755 Catullus
548 1704 668 1776 propter
685 1699 873 1756 immaturam
890 1697 991 1754 fratris
1009 1696 1193 1756 dilectissimi

99 1787 233 1854 mortem,
261 1783 313 1860 qui
338 1801 430 1860 prope
451 1781 617 1841 Rhoeteum
640 1784 879 1860 promunturium
901 1784 934 1840 iu
959 1789 1039 1840 terra
1059 1782 1193 1840 Troiana

98 1867 246 1924 incertum
263 1866 421 1943 naufragio
439 1886 477 1924 an
491 1867 593 1926 morbo
611 1886 651 1925 an
667 1867 727 1926 alio
742 1886 811 1926 casu
824 1869 953 1946 perierat
965 1864 1055 1943 (conf.
1071 1887 1094 1926 5.
1104 1867 1193 1927 LXV

100 1951 119 2008 5
135 1969 170 2009 55.
188 1951 329 2010 LXVIII
347 1953 386 2009 19
401 1970 438 2010 55.
458 1953 495 2011 91
513 1949 572 2026 ss),
595 1952 691 2010 Roma
709 1951 850 2010 derelicta
866 1952 1004 2012 Veronae
1026 1951 1194 2012 consideret

100 2033 190 2112 (conf.
210 2057 233 2095 5
252 2035 390 2096 LXVIII
410 2037 449 2093 27
464 2033 527 2111 ss),
554 2036 695 2096 Lesbiam
721 2055 753 2096 55
773 2056 834 2096 uno
856 2056 917 2095 non
939 2055 1003 2096 5555
1023 2043 1193 2096 contentam

97 2123 160 2179 iam
178 2129 309 2180 noverat.
335 2121 389 2182 sed
407 2120 499 2180 ‘rara’
518 2123 582 2181 cius
594 2121 674 2180 furta
691 2120 821 2181 modeste
839 2120 916 2180 ferre
934 2123 1085 2181 constitnit
1101 2139 1193 2200 seque

98 2208 164 2284 ipse
180 2208 263 2265 vario
280 2206 368 2266 modo
387 2206 424 2268 de
441 2226 477 2266 ea
493 2226 526 2266 re
543 2206 689 2266 consolari
706 2205 804 2266 studet
820 2202 903 2281 (ibid
923 2206 983 2264 135
998 2203 1057 2283 ss).
1088 2225 1192 2265 verum

98 2297 167 2369 post
192 2290 355 2368 longiorem
380 2294 413 2351 in
439 2293 513 2352 urbe
537 2294 634 2371 patria
660 2293 919 2351 commorationem
941 2323 983 2333 -
1010 2310 1080 2350 nam
1105 2290 1191 2350 solito

98 2375 212 2436 diutins
239 2395 307 2436 eum
332 2386 403 2437 tunc
424 2377 561 2438 Veronae
587 2380 731 2437 mansisse
757 2397 818 2437 non
838 2384 955 2436 tantum
977 2395 994 2436 5
1015 2377 1192 2452 gravissimo

98 2462 183 2520 luctu
201 2461 369 2536 domestico,
387 2461 440 2522 sed
456 2462 527 2522 inde
546 2465 635 2522 etiam
649 2462 849 2541 colligendum
862 2468 907 2522 est
920 2460 999 2541 qnod
1012 2460 1192 2520 Alexandri-

98 2567 205 2607 norum
217 2556 371 2626 poctarum
384 2547 482 2607 studio
496 2547 612 2608 deditus
626 2551 759 2608 carmina
766 2547 856 2608 LXV
864 2555 893 2608 51
900 2547 1007 2606 LXVI
1014 2554 1044 2606 et
1050 2546 1192 2607 LXVIII

100 2652 135 2692 5ο
153 2642 284 2710 tempore
301 2631 364 2690 illic
381 2636 536 2711 conposuit
552 2667 594 2675 —
612 2653 678 2693 cum
697 2634 822 2692 Romam
844 2631 964 2692 tandem
985 2631 1121 2705 redisset,
1143 2651 1191 2692 res

101 2737 170 2776 suas
193 2717 235 2776 ibi
256 2719 289 2775 in
311 2719 394 2795 peius
416 2727 543 2778 mutatas
564 2721 694 2798 repperit
715 2719 891 2798 puellaeque
917 2725 1033 2776 amatae
1059 2719 1191 2776 animum

99 2803 196 2878 magis
209 2804 363 2882 magisque
378 2823 396 2860 a
410 2823 441 2863 55
454 2803 618 2863 abalienari
630 2804 786 2864 intellexit.
812 2805 916 2881 primis
925 2803 972 2861 his
985 2809 1051 2881 post
1062 2802 1191 2861 reditum

99 2887 282 2965 temporibus
300 2908 324 2947 c.
342 2887 434 2946 LXX
456 2888 623 2949 condidisse
644 2889 770 2961 videtur,
793 2891 826 2947 in
847 2908 906 2967 quo
924 2887 1005 2966 quod
1024 2886 1077 2944 illa
1098 2888 1191 2945 animi

98 2971 239 3031 videlicet
256 2979 360 3050 poetae
381 2973 584 3050 permulcendi
606 2994 695 3034 eausa
717 2974 796 3032 dieat
817 2972 893 3031 nulli
915 2991 946 3032 se
968 2971 1080 3030 nubere
1101 2970 1190 3031 malle

98 3074 191 3136 quam
208 3058 273 3133 ipsi,
296 3054 330 3113 id
347 3058 379 3114 in
396 3067 485 3117 vento
503 3065 533 3116 et
549 3078 627 3136 aqua
649 3057 836 3117 scribendum
858 3075 922 3116 5555
940 3063 1047 3115 censet
1083 3054 1190 3116 deinde

99 3160 160 3220 qno
179 3139 286 3200 clarius
304 3140 432 3201 Lesbiae
448 3141 603 3220 perfidiam
621 3163 656 3201 ac
676 3141 889 3220 turpitudinem
909 3141 1034 3218 dispicit,
1058 3159 1190 3200 555551-

98 3227 167 3286 bins
184 3224 222 3285 de
240 3244 275 3285 ea
288 3228 427 3305 queritur.
453 3228 512 3286 huc
523 3226 679 3286 referenda
691 3233 762 3286 sunt
775 3228 907 3285 carmina
918 3225 1051 3299 LXXII,
1061 3225 1189 3300 LXXV,

98 3309 260 3383 LXXXV,
287 3313 319 3370 in
342 3311 450 3391 quibus
475 3310 650 3372 admirabile
677 3319 721 3372 est
742 3320 854 3390 quanta
875 3331 943 3370 cnm
964 3319 1028 3371 arte
1049 3319 1079 3370 et
1100 3331 1190 3390 quam

98 3415 169 3456 1515
186 3397 287 3455 miseri
305 3398 412 3455 amoris
430 3398 475 3455 sui
493 3395 697 3456 condicionem
714 3396 943 3476 adfectuumque
959 3399 1190 3475 repugnantiam

99 3481 300 3560 descripserit:
317 3483 350 3539 in
366 3483 462 3561 primo
480 3484 559 3541 enim
577 3483 729 3542 caritatem
747 3481 818 3540 olim
836 3482 917 3543 fideli
933 3481 1051 3561 puellae
1067 3484 1190 3560 praesti-

98 3576 162 3626 tam
180 3584 211 3625 se
228 3565 380 3639 abiecisse,
399 3566 451 3626 sed
469 3567 573 3627 ardore
590 3567 721 3646 perfidae
738 3568 941 3627 vehementius
959 3569 1048 3626 etiam
1069 3565 1190 3626 incendi

99 3651 259 3732 significat,
282 3653 315 3710 in
332 3650 424 3711 altero
443 3653 570 3712 Lesbiae
592 3653 681 3731 culpa
697 3652 808 3711 factum
826 3671 890 3712 esse
912 3651 985 3710 dicit
1002 3660 1036 3710 ut
1056 3653 1117 3709 iam
1134 3669 1190 3709 nec

97 3737 176 3796 bene
192 3735 271 3796 velle
288 3738 316 3796 ei
333 3756 388 3796 nec
406 3758 505 3797 amara
524 3737 663 3798 desistere
680 3740 781 3816 possit,
799 3739 930 3797 intortio
944 3735 1032 3796 simul
1049 3743 1079 3794 et
1092 3734 1189 3794 odisse

97 3829 129 3882 et
146 3840 246 3880 amare
263 3840 330 3880 cum
348 3825 480 3881 cruciatu
498 3824 544 3882 sui
568 3841 599 3882 55
622 3823 784 3882 confitetur.
820 3841 966 3882 summum
988 3828 1086 3880 autem
1109 3818 1190 3878 dolo·

98 3925 162 3966 rem
188 3925 275 3965 snum
299 3905 336 3966 15
362 3909 589 3986 corruptissimis
610 3907 739 3967 Lesbiae
762 3908 893 3968 moribus
916 3927 940 3966 5.
961 3905 1069 3964 LVIII
1088 3902 1190 3965 Caelio

98 3994 194 4050 amico
217 3990 361 4065 declarat,
385 4011 474 4072 quem
491 3992 665 4072 popularem
683 3991 795 4052 Catulli
811 3991 902 4052 fuisse
920 4011 943 4050 5.
963 3988 987 4048 C
1006 3988 1099 4050 docet
1130 3991 1192 4049 iam

98 4093 169 4136 vero
196 4096 264 4136 cum
289 4080 487 4156 perniciosum
513 4079 594 4137 hunc
620 4097 691 4155 erga
717 4077 869 4137 mullerem
893 4082 984 4135 semet
1005 4075 1093 4153 plane
1115 4075 1192 4134 indi·

96 4179 189 4239 gnam
210 4181 341 4222 amorem
362 4162 551 4223 abiciendum
573 4181 638 4224 csse
660 4162 816 4239 intellegat
837 4179 933 4241 neque
951 4167 1051 4220 tamen
1074 4161 1193 4221 abicere
