2968 4990
529 361 756 404 rnouusonfflna
1160 360 1191 403 01

94 485 155 562 qui
173 483 284 560 primus
307 479 344 539 de
367 498 400 539 eo
423 479 537 538 rettulit
559 480 656 539 annal.
675 480 777 558 philol.
796 487 817 539 t.
835 479 926 552 XIII,
944 501 973 558 p.
993 481 1054 538 262
1072 486 1102 539 et
1119 480 1190 552 269,

93 567 280 626 Duobuerns
297 567 329 623 in
346 585 432 623 usum
450 565 607 637 Schwabii,
625 564 756 638 Ellisius,
775 566 973 625 Baehrensius
991 572 1190 624 excusserunt.

97 651 253 729 supplevit
269 651 434 729 partimque
456 652 583 709 correxit
604 650 657 708 has
676 651 846 710 collationes
864 657 894 710 et
911 649 949 709 de
966 653 1105 709 universa
1120 648 1191 708 libri

97 736 262 812 diligenter
293 756 310 794 a
341 753 372 793 se
403 737 565 793 examinati
601 734 773 794 condicione
805 737 941 814 exposuit
970 735 1011 794 M.
1038 736 1191 793 Bonuetus

97 819 207 897 (revue
230 823 354 900 critique
371 819 428 892 XI,
449 825 475 890 1,
498 840 526 897 p.
546 819 585 876 58
596 817 656 895 ss).
691 823 851 896 imaginem
877 819 987 880 codicis
1013 827 1075 878 arte
1098 818 1190 878 helio·

96 907 247 984 graphica
265 924 433 984 expressam
450 903 533 963 vides
551 903 631 982 apud
649 904 856 965 Ghatelanium
873 904 892 963 l.
912 926 944 978 c,
964 904 1023 964 tab.
1043 904 1112 964 XV.
1139 903 1190 963 do·

96 991 224 1050 lendum
246 999 290 1050 est
312 998 409 1049 autem
430 987 510 1069 quod
528 988 557 1048 G
574 989 750 1067 procedente
771 998 902 1068 tempore
925 989 1111 1069 conplurium
1129 1008 1190 1048 cor-

96 1085 249 1136 rectorum
261 1094 365 1133 manus
382 1094 486 1151 passus
500 1082 551 1146 est,
567 1073 705 1153 quodque
720 1075 883 1153 permultae
897 1093 997 1134 eorum
1013 1077 1190 1133 mutationes

97 1159 234 1220 radendo
260 1159 357 1219 factae
383 1166 451 1218 suut
474 1165 535 1217 tam
558 1158 678 1218 dextere
700 1167 733 1217 ut
754 1159 842 1218 facile
865 1159 964 1218 oculos
986 1160 1112 1236 fugiant,
1134 1178 1190 1218 nec

97 1265 169 1304 raro
183 1246 308 1323 pristina
321 1246 465 1320 scriptura
479 1243 614 1320 dignosci
629 1241 749 1303 o'mnino
763 1251 901 1323 nequeat.
932 1264 1001 1302 nam
1010 1243 1190 1302 Baehrensio

98 1329 264 1408 prolegom.
283 1349 312 1406 p.
330 1329 408 1388 XIV
425 1335 454 1387 et
470 1327 565 1387 XVII
587 1331 728 1388 statuenti
748 1329 802 1387 has
820 1332 1013 1388 correctiones
1033 1347 1133 1388 omnes
1151 1328 1188 1387 ab

100 1414 209 1474 eadem
235 1433 325 1472 mauu
351 1432 427 1491 quae
449 1411 478 1472 G
496 1415 630 1471 exaravit
651 1413 743 1472 factas
767 1432 831 1473 esse
852 1422 940 1492 atque
963 1415 1055 1491 ipsius
1077 1413 1191 1473 scribae

99 1501 225 1576 ingenio
244 1497 346 1556 deberi
363 1504 429 1575 post
445 1497 573 1556 Bouueti
591 1517 717 1575 operam,
741 1502 790 1577 qui
809 1506 868 1558 tres
889 1500 1042 1558 minimum
1060 1498 1190 1558 diversas

99 1587 134 1643 in
153 1603 189 1643 eo
206 1582 281 1642 libro
300 1585 457 1660 scripturas
476 1581 620 1658 distingui
636 1603 722 1661 posse
740 1582 877 1642 adfirmat
895 1580 926 1658 (l.
941 1604 967 1642 c.
982 1604 1012 1662 p.
1024 1581 1085 1657 60),
1104 1603 1189 1643 nemo

99 1667 234 1746 profecto
256 1667 345 1726 fidem
368 1667 496 1726 habebit.
532 1675 620 1746 atque
642 1688 732 1746 quam
753 1667 830 1726 falsa
851 1670 889 1727 sit
909 1668 970 1727 ista'
984 1670 1083 1747 opinio
1101 1671 1190 1728 etiam

101 1752 278 1831 subscriptio
305 1752 414 1811 codicis
438 1752 465 1812 G
489 1751 624 1824 ostendit,
652 1754 685 1810 in
711 1773 770 1831 qua
800 1752 937 1813 librarius
962 1751 1103 1813 lectorem
1132 1753 1189 1812 sibi

100 1841 223 1897 veniam
248 1837 318 1896 dare
344 1837 434 1909 iubat,
463 1839 489 1895 si
515 1837 705 1915 apographon
727 1859 745 1896 a
768 1857 799 1896 se
825 1838 990 1897 confectum
1023 1846 1200 1916 corruptum.

101 1923 249 1995 videatur,
268 1925 389 2000 eiusque
406 1923 450 1980 rei
468 1941 586 1980 causam
605 1940 643 1980 ex
661 1921 740 1980 mala
758 1921 931 1981 condicione
950 1922 1125 2001 exemplaris
1143 1926 1190 1983 sui

100 2011 210 2086 repetit
227 2015 257 2066 et
273 2007 337 2066 fore
354 2015 451 2084 sperat
468 2017 501 2064 ut
518 2026 555 2065 ex
574 2006 632 2064 alio
651 2007 751 2085 aliquo
768 2007 869 2066 codice
886 2007 1007 2066 fortuito
1026 2012 1189 2084 emergenti

102 2113 189 2152 suum
210 2095 303 2170 possit
325 2093 478 2166 corrigere.
514 2109 552 2149 ex
575 2111 633 2170 quo
656 2091 809 2150 conficitur
830 2099 863 2148 ut
885 2091 1041 2170 illaquam
1059 2094 1189 2150 maxima

101 2184 202 2256 posset
231 2175 290 2235 fide
315 2177 344 2235 V
369 2177 585 2252 transcripserit
616 2193 711 2254 neque
737 2177 863 2253 propriis
894 2178 1007 2235 viribus
1033 2176 1189 2237 emendare

102 2282 172 2322 eum
196 2268 317 2320 conatus
339 2262 385 2318 sit.
421 2280 439 2318 a
457 2260 667 2319 correctoribus
689 2262 753 2318 istis
775 2263 864 2320 etiam
881 2280 949 2338 pars
965 2265 1116 2320 variarum
1132 2262 1190 2321 lec·

101 2349 225 2419 tionum,
248 2365 321 2423 quas
339 2343 369 2404 G
385 2345 525 2423 plurimas
548 2349 611 2404 sive
633 2347 710 2405 inter
729 2365 832 2405 versus
850 2349 913 2406 sive
936 2348 969 2405 in
987 2349 1121 2424 margine
1137 2347 1188 2406 ha·

101 2432 160 2505 bet,
180 2430 281 2490 addita
299 2437 350 2489 est.
386 2429 445 2489 vid.
465 2433 589 2509 quaein
607 2438 663 2490 act.
681 2431 768 2490 litter.
786 2431 903 2490 lenens.
921 2451 947 2490 a.
965 2433 1057 2504 1878,
1074 2452 1103 2510 p.
1124 2433 1186 2491 208

103 2536 139 2576 ea
165 2515 202 2576 de
227 2534 259 2574 re
286 2514 420 2574 diximus.
457 2514 533 2574 aliae
560 2515 682 2574 dubium
708 2535 771 2576 esse
798 2537 858 2576 non
884 2523 981 2594 potest
1006 2519 1078 2598 quin
1104 2519 1135 2576 in
1157 2518 1187 2577 V
1291 2543 1294 2548 ·

102 2609 235 2679 repertae
252 2601 289 2660 ab
312 2604 376 2678 ipso
398 2601 466 2659 libri
484 2599 513 2659 G
529 2609 648 2660 auctore
669 2600 834 2680 adscriptae
852 2604 917 2661 siut.
953 2601 1081 2681 denique
1104 2605 1187 2662 inve·

103 2690 225 2745 niuntur
247 2687 335 2743 etiam
357 2704 433 2764 qnae
456 2705 490 2744 eo
513 2685 671 2744 videantur
693 2693 773 2745 ortae
795 2706 857 2746 esse
882 2695 915 2746 ut
935 2686 1015 2748 idem
1041 2687 1186 2760 librarius,

104 2791 171 2830 cum
196 2769 346 2848 exemplar
369 2791 453 2829 suum
474 2769 588 2828 duobus
611 2769 705 2829 modis
732 2771 793 2846 legi
815 2790 900 2849 posse
927 2771 1115 2844 existimaret,
1143 2775 1187 2830 in-

104 2863 198 2914 certus
215 2864 282 2913 utra
299 2854 386 2913 lectio
404 2873 476 2912 vera
493 2862 577 2926 esset,
597 2856 719 2913 alteram
737 2855 822 2914 alteri
839 2855 977 2914 adiceret.
1009 2875 1188 2934 quamquam

103 2941 175 2999 talia
192 2942 290 2998 nescio
309 2959 348 2996 an
365 2937 469 2997 eodem
485 2940 549 2998 iure
561 2939 595 2997 'ei
613 2941 664 3019 qni
678 2941 707 2999 V
728 2941 845 3016 scripsit
861 2941 1012 2998 attribuas.
1032 2971 1075 2980 —-
1092 2940 1188 2999 codici

104 3025 132 3085 G
150 3032 245 3083 aetate
266 3043 320 3100 par
342 3031 392 3081 aut
416 3030 493 3082 certe
514 3043 574 3082 non
597 3023 688 3081 multo
706 3023 828 3083 inferior
845 3031 889 3082 est
907 3023 1126 3084 Canonicianus
1145 3027 1186 3084 30

103 3109 298 3170 bibliothecae
319 3106 499 3166 Bodleiauae
521 3110 584 3166 sive
607 3106 786 3168 Oxoniensis
805 3103 867 3184 (O),
894 3126 981 3186 quem
1002 3110 1035 3167 in
1056 3109 1187 3170 medium

102 3193 224 3274 protulit
244 3193 367 3250 Ellisius
387 3193 419 3251 in
441 3193 537 3270 priore
559 3212 612 3251 sua
633 3192 744 3252 catulli
766 3191 897 3252 editione
919 3191 1030 3253 Oxouii
1053 3214 1078 3252 a.
1103 3195 1185 3254 1867

103 3277 253 3359 pubhcata
270 3273 359 3352 (conf.
377 3277 420 3337 ibi
441 3277 600 3356 prolegom.
619 3297 647 3355 p.
665 3277 791 3337 XXXV
800 3274 844 3352 a).
879 3285 983 3355 postea
1000 3278 1123 3338 collatus
1141 3289 1186 3340 est

105 3385 122 3423 a
143 3363 330 3435 Baehrensio,
354 3365 436 3421 cuius
459 3381 578 3440 operam
600 3362 810 3441 suppleverunt
831 3372 1077 3442 correxeruntque
1100 3362 1133 3424 G.
1150 3366 1185 3424 P.

104 3449 257 3510 Schulzius
270 3448 398 3506 Hermae
412 3456 431 3506 t.
441 3447 531 3520 XIII,
546 3468 574 3526 p.
585 3447 626 3505 50
636 3468 672 3506 ss.
691 3455 720 3507 et
732 3447 855 3506 Ellisius
868 3451 901 3506 in
914 3447 1053 3508 editionis
1067 3449 1186 3510 alterius

105 3555 131 3594 a.
152 3535 230 3592 1878
255 3535 377 3592 emissae
399 3532 521 3611 praefat.
545 3553 572 3610 p.
589 3533 655 3591 XII
669 3552 700 3606 a,
724 3534 825 3612 quiet
852 3535 1001 3611 specimen
1027 3538 1187 3613 scripturae

105 3619 238 3679 exhibuit
254 3616 325 3678 ibid.
346 3615 385 3676 ad
402 3638 429 3696 p.
445 3618 515 3675 146.
542 3617 591 3677 hic
609 3617 710 3690 codex,
729 3620 863 3697 quicum
882 3617 911 3678 G
927 3623 1023 3696 magis
1041 3623 1186 3679 consentit

106 3724 190 3785 quam
204 3703 282 3763 ullus
295 3703 371 3762 alius
383 3703 459 3762 liber
475 3700 668 3776 Catullianus,
688 3706 741 3762 etsi
755 3704 968 3782 subscriptione
981 3711 1068 3776 caret,
1087 3712 1188 3764 tamen

107 3789 229 3848 dubitari
254 3809 314 3847 non
337 3796 433 3866 potest
454 3789 526 3866 quin
544 3806 637 3866 aeque
654 3795 742 3867 atque
759 3788 811 3848 ille
829 3807 867 3847 ex
884 3791 948 3867 ipso
965 3790 1003 3862 V,
1027 3789 1108 3848 nullo
1127 3789 1186 3848 alio

104 3875 177 3934 libro
194 3872 402 3946 intercedente,
421 3873 569 3951 prodierit.
600 3871 660 3930 vid.
675 3893 751 3951 quae
768 3893 803 3933 ea
816 3872 853 3933 de
869 3892 901 3932 re
919 3872 1082 3951 disputavit
1093 3874 1187 3933 Baeh-

105 3961 215 4019 rensius
240 3959 351 4036 proleg.
375 3979 401 4036 p.
420 3958 498 4018 XIV
511 3977 547 4016 ss.
574 3965 699 4034 augetur
724 3966 823 4017 autem
848 3957 918 4016 libri
945 3955 971 4018 Ο
998 3962 1125 4036 pretinm
1151 3979 1186 4018 eo

107 4043 180 4125 quod
199 4051 392 4104 correctorum
414 4044 566 4103 arbitrium
585 4062 645 4101 uon
663 4051 800 4122 expertus
822 4050 874 4114 est,
896 4046 939 4101 ita
962 4049 996 4102 ut
1017 4062 1112 4122 saepe,
1135 4044 1188 4103 ubi

107 4133 198 4210 prima
219 4148 323 4188 manus
346 4127 454 4188 codicis
472 4126 501 4187 G
518 4127 649 4187 radendo
671 4136 715 4188 est
736 4128 898 4202 obscurata,
927 4147 992 4188 eam
1014 4131 1186 4209 scripturam
