2968 4990
294 402 373 443 CXXX
676 399 854 442 annornm
877 399 1000 442 omnen

294 539 391 600 neque
404 525 448 578 est
464 521 580 598 proprie
594 520 729 597 repetitio
743 516 877 590 dicende,
896 539 962 578 cum
976 520 1007 578 in
1021 517 1191 579 hexametro
1206 519 1394 582 adverbium

295 609 334 664 sit
354 607 457 681 primo,
483 606 516 662 in
544 610 727 682 pentametro
746 611 843 662 autem
865 602 1045 663 adiectivum
1067 607 1234 682 pronomini
1254 606 1392 666 relativo

295 689 436 749 additum.
476 706 572 767 neque
593 687 625 746 id
646 690 775 746 inaniter
792 686 926 748 additum
943 697 995 761 est,
1019 692 1128 768 quippe
1145 689 1226 769 quod
1243 709 1314 750 oum
1332 695 1393 770 qui

293 795 383 854 qnam
401 776 486 833 initio
504 772 618 832 dederit
636 781 743 830 terram
759 774 819 832 iam
836 773 951 833 auferat
967 776 1132 853 principem
1150 778 1246 834 omnis
1262 784 1293 835 et
1306 777 1393 836 Allii

294 867 324 920 et
343 859 454 918 Catulli
471 856 622 918 felicitatis
635 865 782 917 auctorem
795 876 858 917 esse
876 857 1002 932 indicet3
1022 861 1073 937 qui
1091 862 1194 919 sinon
1211 860 1326 934 fnisset,
1346 880 1391 920 ne

294 944 394 1004 Allius
413 942 531 1022 quidem
549 941 586 1002 de
604 941 722 1002 Catullo
737 945 782 1000 ita
796 951 831 1002 ut
847 942 918 1002 fecit
934 945 1040 1002 mereri
1056 946 1160 1021 potuit
1178 975 1221 985 -
1236 947 1307 1006 ,158
1327 957 1391 1004 tum

295 1027 326 1104 (i.
346 1047 371 1088 c.
388 1027 440 1086 illo
457 1035 587 1106 tempore
605 1047 663 1107 quo
680 1036 789 1086 terram
806 1027 892 1087 nobis
910 1026 1005 1102 dedit)
1021 1030 1141 1088 inserui.
1178 1029 1256 1088 conf.
1268 1051 1299 1089 v.
1313 1033 1389 1090 131.

291 1117 383 1190 prino
413 1115 503 1170 omnia
533 1111 614 1184 libri,
646 1110 726 1191 quod
756 1111 875 1171 reduxit
899 1112 1060 1172 Vahlenus.
1104 1116 1198 1190 primo
1227 1118 1265 1172 mi
1290 1119 1390 1174 onmia

295 1199 455 1276 Hauptius,
481 1196 561 1276 quod
586 1197 710 1276 probare
732 1217 784 1255 cur
805 1215 957 1276 nequeam,
984 1199 1087 1258 exeis
1109 1217 1186 1277 quae
1209 1198 1249 1257 ad
1269 1219 1300 1258 v.
1322 1202 1388 1259 157

295 1284 445 1361 disputavi
460 1282 651 1358 intellegitur.
696 1291 823 1341 cetorum
840 1282 954 1340 hiatum
970 1282 1091 1341 tolerari
1107 1301 1194 1361 posse
1210 1287 1338 1359 neganti
1357 1288 1388 1344 ei

295 1368 453 1426 adsentior.
475 1399 517 1408 -
540 1369 611 1425 bona
632 1366 711 1425 Itali.
755 1367 832 1425 conf.
854 1386 879 1426 c.
896 1366 1051 1426 LXXVH
1068 1368 1097 1426 4.
1141 1369 1209 1425 bono
1226 1369 1264 1442 V,
1287 1379 1319 1429 et
1341 1373 1388 1429 ita

294 1454 503 1512 Lachmannus
521 1460 550 1511 et
567 1449 725 1530 Hauptius.

358 1537 482 1596 LXXII
500 1538 517 1593 7
537 1539 603 1611 quia
620 1536 658 1595 Is.
676 1536 807 1595 Vossius.
852 1535 929 1596 conf.
947 1535 1085 1596 xc113.
1124 1557 1208 1612 quam
1224 1537 1262 1598 V.
1308 1542 1387 1615 quod

294 1623 351 1683 DL
371 1643 437 1681 oum
454 1621 521 1679 aliis
538 1637 565 1694 ς,
583 1619 802 1692 bethmannus,
820 1621 979 1700 Hauptius.

357 1705 543 1765 LXXIII4
572 1707 627 1762 iam
656 1707 732 1763 iuvet
759 1703 875 1763 addidit
900 1707 1007 1765 Munro
1034 1709 1097 1765 orit
1123 1707 1195 1780 205,
1222 1713 1384 1786 postquam

294 1792 491 1850 Baehrensius
509 1792 635 1868 praeivit
652 1792 750 1848 iuverit
767 1789 930 1850 scribendo.
969 1793 1048 1850 immo
1065 1789 1131 1866 (imo
1150 1788 1191 1866 G)
1209 1795 1291 1849 etiam
1310 1795 1385 1851 tedet

294 1879 422 1951 obestque
438 1878 580 1951 magisque
596 1878 685 1950 magia
696 1875 734 1934 V.
770 1893 847 1954 quae
864 1878 907 1934 ita
922 1877 956 1934 in
968 1894 1086 1936 versum
1102 1876 1217 1954 redegit
1230 1876 1384 1937 Aventius

293 1969 327 2022 ut
348 1960 445 2021 deleto
467 1961 518 2019 illo
540 1961 683 2036 magisque
704 1959 749 2019 bis
769 1968 893 2039 poneret
913 1961 1037 2028 verbum
1054 1963 1154 2020 taedet.
1196 1969 1287 2040 atque
1303 1962 1384 2023 hanc

293 2046 334 2106 ad
351 2047 549 2106 coniecturam
565 2044 654 2105 rediit
670 2044 833 2105 Vahlenue.
876 2048 955 2103 irnmo
972 2049 1054 2104 etiam
1071 2049 1172 2118 taedet,
1190 2049 1217 2104 ai
1230 2049 1273 2119 lit,
1291 2049 1383 2106 odeat·

293 2153 347 2208 quc
371 2135 459 2206 magia
481 2131 632 2209 Hauptius
653 2129 878 2190 Lachmannum
905 2137 1031 2190 secutus.
1071 2131 1147 2190 mihi
1172 2130 1293 2210 quidem
1320 2152 1384 2192 non

295 2217 417 2277 dubium
435 2224 479 2277 eet
501 2219 573 2296 quin
594 2217 679 2274 initio
697 2234 799 2274 versus
821 2214 934 2294 aliquid
955 2215 1092 2276 haustum
1110 2217 1148 2276 sit
1164 2214 1244 2274 unde
1262 2236 1384 2295 praece·

294 2302 366 2362 dens
383 2301 547 2360 infinitivus
564 2300 714 2380 penderet,
731 2317 828 2378 neque
845 2299 933 2360 video
947 2299 1062 2380 quidet
1078 2301 1280 2361 faciliusante
1292 2321 1384 2361 voca-
1471 2321 1472 2342 ¹

292 2387 365 2447 bula
389 2390 468 2444 immo
495 2389 577 2444 etiam
602 2384 739 2444 excidere
761 2387 889 2464 potuerit
909 2392 939 2445 et
961 2384 999 2444 ad
1021 2387 1198 2446 sententiam
1221 2389 1321 2465 aptius
1344 2390 1384 2446 sit
1471 2429 1472 2451 r

293 2492 383 2551 quam
400 2469 476 2529 illud
492 2469 571 2549 quod
588 2473 682 2548 posui.

357 2555 477 2614 LXXV
494 2573 611 2613 carmen
629 2574 646 2614 e
663 2553 792 2612 disiectis
809 2553 943 2633 partibus
955 2576 975 2614 a
986 2573 1017 2614 se
1030 2557 1198 2615 restitutum
1214 2555 1265 2615 hic
1280 2560 1383 2635 posuit

294 2639 436 2717 Scaliger.
479 2639 629 2718 Hauptius
650 2638 836 2697 Lachmanni
858 2642 987 2699 rationes
1010 2648 1126 2700 secutus
1148 2641 1221 2700 illuc
1242 2641 1294 2700 ubi
1321 2642 1382 2702 duo

292 2726 392 2805 priora
418 2727 480 2785 eiua
506 2723 633 2784 disticha
654 2726 686 2782 in
707 2723 791 2782 libris
813 2724 967 2795 habentur,
994 2724 1023 2782 h.
1043 2744 1067 2785 e
1085 2733 1152 2803 post
1169 2745 1192 2785 c.
1210 2725 1384 2788 LXXXVI

291 2814 408 2870 traiecit
443 2817 473 2869 et
507 2803 638 2868 carmina
668 2809 1049 2870 LXXVII-LXXXVII
1078 2812 1157 2870 inter
1181 2810 1319 2870 LXXIV
1353 2821 1384 2872 et

292 2896 429 2956 LXXVI
450 2896 582 2954 inseruit.
608 2925 651 2936 —-
677 2895 696 2952 3
718 2897 775 2952 utto
797 2895 834 2952 V.
877 2898 953 2954 nullo
970 2895 1009 2968 D,
1036 2901 1066 2955 ot
1090 2897 1134 2954 sic
1158 2895 1382 2971 Lachmannus,

292 2983 453 3060 Hauptius.
471 3011 513 3022 -
531 2983 560 3037 in
577 2978 746 3039 addendum
761 2981 873 3039 censuit
887 2979 1074 3057 DocrIngius.
1108 2982 1328 3059 praepositione
1343 2983 1382 3042 ab

293 3068 428 3145 Hauptio
446 3072 476 3125 et
492 3064 584 3142 vulgo
601 3072 700 3144 spreta
720 3063 803 3122 nullo
825 3063 913 3123 modo
935 3067 1028 3124 careri
1049 3084 1134 3144 posse
1156 3067 1222 3143 ipsa
1239 3066 1383 3126 orationis

294 3151 487 3212 conformatio
508 3149 697 3222 demonstrat,
723 3148 903 3227 respondent
924 3152 1001 3209 enim
1025 3150 1082 3209 sibi
1102 3147 1194 3209 verba
1215 3153 1244 3208 in
1267 3153 1383 3224 foedera

293 3247 373 3294 tanta
390 3244 420 3296 et
436 3245 543 3311 quanto
560 3239 588 3293 in
605 3253 707 3292 amore.
743 3232 821 3292 conf.
838 3237 928 3293 etiam
946 3255 969 3293 o.
986 3234 1124 3293 LXXVI
1141 3235 1169 3294 3.

356 3319 494 3379 LXXVI
512 3319 530 3378 5
547 3329 657 3378 monent
675 3321 730 3376 iarn
747 3322 776 3376 in
793 3321 877 3393 longa
894 3319 1001 3378 Munro
1019 3323 1082 3378 crit
1102 3320 1171 3379 206.
1210 3323 1321 3378 menetai
1338 3325 1383 3379 in-

291 3408 376 3478 longo
394 3403 428 3464 Ο.
472 3406 594 3462 monenti
617 3407 646 3462 in
671 3406 756 3479 longa
781 3424 841 3462 una
862 3404 961 3464 littera
983 3404 1015 3462 in
1043 3405 1102 3464 fine
1127 3406 1215 3483 primi
1240 3405 1383 3466 vocabuli

292 3508 376 3549 erasa
394 3488 430 3550 G.
473 3499 582 3546 monent
600 3491 629 3546 in
644 3491 730 3563 longa
745 3488 845 3564 vulgo,
869 3497 898 3548 et
920 3492 962 3548 sic
978 3489 1136 3568 Hauptius.
1154 3521 1196 3530 -
1216 3491 1255 3548 10
1275 3509 1325 3548 car
1344 3502 1382 3564 ta,

291 3595 343 3634 our
363 3576 418 3632 iam
440 3575 561 3650 amplias
583 3575 696 3652 scripsi.
744 3573 822 3632 conf.
835 3573 909 3632 Hor.
928 3593 1015 3633 cerm.
1033 3575 1079 3634 IV
1098 3577 1113 3631 1
1134 3575 1184 3634 33.
1226 3573 1383 3636 Bentleius
1469 3621 1470 3640 r

292 3661 330 3720 ad
348 3657 480 3720 eiusdem
498 3678 522 3717 c.
540 3657 646 3717 11124
661 3656 709 3714 25.
747 3661 912 3716 carreiam
928 3662 1048 3736 amplios
1065 3659 1103 3732 V,
1121 3658 1201 3738 quod
1217 3678 1312 3738 nuper
1329 3659 1385 3721 de·
1469 3691 1470 3754 p

291 3746 410 3806 sensum
431 3746 488 3803 ivit
504 3740 654 3822 Sydovius
677 3741 714 3802 de
735 3760 845 3801 recens.
865 3741 929 3803 (lat
947 3745 1067 3802 carmin.
1086 3745 1126 3803 68
1138 3763 1160 3804 s.
1204 3747 1259 3802 iam
1280 3754 1307 3802 te
1329 3764 1384 3802 cur

293 3834 414 3906 amplias
433 3847 470 3889 ex
483 3829 512 3888 D
526 3825 736 3887 Lachmannus
749 3827 965 3907 Hauptiusque.
1000 3836 1032 3887 at
1048 3830 1081 3887 iu
1097 3831 1153 3889 isto
1168 3828 1269 3889 codice
1286 3830 1383 3890 verba

290 3917 389 3975 hiatus
411 3912 582 3974 removendi
605 3932 694 3972 causa
711 3931 730 3970 a
747 3922 907 3972 correctore
930 3921 1038 3973 temere
1056 3916 1098 3973 sic
1119 3916 1298 3992 transposita
1314 3933 1383 3976 csse

291 4001 479 4060 manifestum
501 4006 552 4059 est
596 4015 693 4077 neque
715 3999 794 4056 enim
816 3998 991 4076 particulam
1013 4001 1069 4056 iam
1089 4019 1108 4057 a
1131 4001 1322 4077 conparativo
1342 4000 1384 4060 ad

290 4104 379 4164 quem
405 4087 531 4164 pertinet
556 4084 712 4160 seiungere
738 4081 814 4141 licet
857 4085 1060 4162 repetitionem
1085 4085 1292 4160 interrogativi
1318 4102 1383 4158 aar,

291 4189 351 4247 qua
368 4189 423 4246 ego
440 4178 532 4228 metro
551 4168 694 4242 consului,
714 4169 877 4228 sententiae
895 4186 958 4228 esse
976 4167 1306 4228 accommodatissimam
1324 4172 1385 4229 vix
1469 4213 1470 4222 t
