<?xml version="1.0" encoding="UTF-8"?>
<!DOCTYPE html PUBLIC "-//W3C//DTD XHTML 1.0 Transitional//EN"
    "http://www.w3.org/TR/xhtml1/DTD/xhtml1-transitional.dtd">
<html xmlns="http://www.w3.org/1999/xhtml" xml:lang="en" lang="en">
 <head>
  <title>
</title>
<meta http-equiv="Content-Type" content="text/html;charset=utf-8" />
  <meta name='ocr-system' content='tesseract 3.04.00' />
  <meta name='ocr-capabilities' content='ocr_page ocr_carea ocr_par ocr_line ocrx_word'/>
</head>
<body>
  <div class='ocr_page' id='page_1' title='image "./carmina01schmgoog_0183.png"; bbox 0 0 2976 5004; ppageno 0'>
   <div class='ocr_carea' id='block_1_1' title="bbox 239 368 944 474">
    <p class='ocr_par' dir='ltr' id='par_1_1' title="bbox 239 368 944 474">
     <span class='ocr_line' id='line_1_1' title="bbox 239 368 944 474; baseline -0.003 -40"><span class='ocrx_word' id='word_1_1' title='bbox 239 452 247 474; x_wconf 30' lang='grc' dir='ltr'>ι</span> <span class='ocrx_word' id='word_1_2' title='bbox 349 368 394 434; x_wconf 88' lang='grc'><strong>40</strong></span> <span class='ocrx_word' id='word_1_3' title='bbox 776 377 944 436; x_wconf 77' lang='lat' dir='ltr'><strong>CATULLI</strong></span> 
     </span>
    </p>
   </div>
   <div class='ocr_carea' id='block_1_2' title="bbox 297 500 1372 4240">
    <p class='ocr_par' dir='ltr' id='par_1_2' title="bbox 350 500 1244 683">
     <span class='ocr_line' id='line_1_2' title="bbox 351 500 1129 588; baseline -0.004 -19"><span class='ocrx_word' id='word_1_4' title='bbox 351 502 472 569; x_wconf 86' lang='lat' dir='ltr'><strong>thiasus</strong></span> <span class='ocrx_word' id='word_1_5' title='bbox 489 513 618 588; x_wconf 88' lang='lat' dir='ltr'><strong>repente</strong></span> <span class='ocrx_word' id='word_1_6' title='bbox 635 501 752 586; x_wconf 88' lang='lat' dir='ltr'><strong>linguis</strong></span> <span class='ocrx_word' id='word_1_7' title='bbox 769 500 999 587; x_wconf 79' lang='lat' dir='ltr'><strong>trepidantibus</strong></span> <span class='ocrx_word' id='word_1_8' title='bbox 1017 500 1129 579; x_wconf 86' lang='lat' dir='ltr'><strong>ululat,</strong></span> 
     </span>
     <span class='ocr_line' id='line_1_3' title="bbox 350 594 1244 683; baseline -0.003 -20"><span class='ocrx_word' id='word_1_9' title='bbox 350 599 421 664; x_wconf 91' lang='lat' dir='ltr'><strong>leve</strong></span> <span class='ocrx_word' id='word_1_10' title='bbox 438 609 624 683; x_wconf 88' lang='lat' dir='ltr'><strong>tympanum</strong></span> <span class='ocrx_word' id='word_1_11' title='bbox 640 594 789 680; x_wconf 85' lang='lat' dir='ltr'><strong>remugit,</strong></span> <span class='ocrx_word' id='word_1_12' title='bbox 806 616 886 662; x_wconf 91' lang='lat' dir='ltr'><strong>cava</strong></span> <span class='ocrx_word' id='word_1_13' title='bbox 902 595 1049 680; x_wconf 88' lang='lat' dir='ltr'><strong>cymbala</strong></span> <span class='ocrx_word' id='word_1_14' title='bbox 1066 607 1244 682; x_wconf 77' lang='lat' dir='ltr'><strong>recrepant,</strong></span> 
     </span>
    </p>

    <p class='ocr_par' dir='ltr' id='par_1_3' title="bbox 298 689 1286 1151">
     <span class='ocr_line' id='line_1_4' title="bbox 298 689 1221 774; baseline -0.002 -18"><span class='ocrx_word' id='word_1_15' title='bbox 298 708 335 763; x_wconf 84' lang='lat'><strong>30</strong></span> <span class='ocrx_word' id='word_1_16' title='bbox 351 692 484 758; x_wconf 86' lang='lat' dir='ltr'><strong>viridem</strong></span> <span class='ocrx_word' id='word_1_17' title='bbox 501 690 582 756; x_wconf 88' lang='lat' dir='ltr'><strong>citus</strong></span> <span class='ocrx_word' id='word_1_18' title='bbox 599 689 666 754; x_wconf 91' lang='lat' dir='ltr'><strong>adit</strong></span> <span class='ocrx_word' id='word_1_19' title='bbox 681 689 775 754; x_wconf 88' lang='lat' dir='ltr'><strong>Idam</strong></span> <span class='ocrx_word' id='word_1_20' title='bbox 791 699 980 774; x_wconf 82' lang='lat' dir='ltr'><strong>properante</strong></span> <span class='ocrx_word' id='word_1_21' title='bbox 997 689 1079 774; x_wconf 91' lang='lat' dir='ltr'><strong>pede</strong></span> <span class='ocrx_word' id='word_1_22' title='bbox 1097 689 1221 756; x_wconf 91' lang='lat' dir='ltr'><strong>chorus.</strong></span> 
     </span>
     <span class='ocr_line' id='line_1_5' title="bbox 350 782 1286 870; baseline 0 -20"><span class='ocrx_word' id='word_1_23' title='bbox 350 785 523 850; x_wconf 86' lang='lat' dir='ltr'><strong>furibunda</strong></span> <span class='ocrx_word' id='word_1_24' title='bbox 540 783 634 848; x_wconf 89' lang='lat' dir='ltr'><strong>simul</strong></span> <span class='ocrx_word' id='word_1_25' title='bbox 652 782 803 848; x_wconf 80' lang='lat' dir='ltr'><strong>anhelans</strong></span> <span class='ocrx_word' id='word_1_26' title='bbox 821 805 905 868; x_wconf 88' lang='lat' dir='ltr'><strong>vaga</strong></span> <span class='ocrx_word' id='word_1_27' title='bbox 922 782 1010 848; x_wconf 87' lang='lat' dir='ltr'><strong>vadit</strong></span> <span class='ocrx_word' id='word_1_28' title='bbox 1026 783 1165 848; x_wconf 88' lang='lat' dir='ltr'><strong>animam</strong></span> <span class='ocrx_word' id='word_1_29' title='bbox 1181 806 1286 870; x_wconf 84' lang='lat' dir='ltr'><strong>agene</strong></span> 
     </span>
     <span class='ocr_line' id='line_1_6' title="bbox 351 877 1205 962; baseline -0.004 -19"><span class='ocrx_word' id='word_1_30' title='bbox 351 878 500 944; x_wconf 88' lang='lat' dir='ltr'><strong>comitata</strong></span> <span class='ocrx_word' id='word_1_31' title='bbox 516 887 668 962; x_wconf 88' lang='lat' dir='ltr'><strong>tympano</strong></span> <span class='ocrx_word' id='word_1_32' title='bbox 686 877 773 940; x_wconf 86' lang='lat' dir='ltr'><strong>Attis</strong></span> <span class='ocrx_word' id='word_1_33' title='bbox 790 898 847 960; x_wconf 90' lang='lat' dir='ltr'><strong>per</strong></span> <span class='ocrx_word' id='word_1_34' title='bbox 864 897 965 960; x_wconf 89' lang='lat' dir='ltr'><strong>opaca</strong></span> <span class='ocrx_word' id='word_1_35' title='bbox 981 898 1112 941; x_wconf 91' lang='lat' dir='ltr'><strong>nemora</strong></span> <span class='ocrx_word' id='word_1_36' title='bbox 1129 877 1205 954; x_wconf 88' lang='lat' dir='ltr'><strong>dux,</strong></span> 
     </span>
     <span class='ocr_line' id='line_1_7' title="bbox 351 967 1088 1054; baseline -0.004 -17"><span class='ocrx_word' id='word_1_37' title='bbox 351 972 449 1037; x_wconf 85' lang='lat' dir='ltr'><strong>veluti</strong></span> <span class='ocrx_word' id='word_1_38' title='bbox 466 972 601 1035; x_wconf 89' lang='lat' dir='ltr'><strong>iuvenca</strong></span> <span class='ocrx_word' id='word_1_39' title='bbox 617 970 721 1034; x_wconf 88' lang='lat' dir='ltr'><strong>vitans</strong></span> <span class='ocrx_word' id='word_1_40' title='bbox 739 991 819 1034; x_wconf 89' lang='lat' dir='ltr'><strong>onus</strong></span> <span class='ocrx_word' id='word_1_41' title='bbox 837 968 989 1034; x_wconf 87' lang='lat' dir='ltr'><strong>indomita</strong></span> <span class='ocrx_word' id='word_1_42' title='bbox 1006 967 1088 1054; x_wconf 67' lang='lat' dir='ltr'><strong>iugi?</strong></span> 
     </span>
     <span class='ocr_line' id='line_1_8' title="bbox 350 1062 1177 1151; baseline -0.001 -21"><span class='ocrx_word' id='word_1_43' title='bbox 350 1065 479 1151; x_wconf 83' lang='lat' dir='ltr'><strong>rapidae</strong></span> <span class='ocrx_word' id='word_1_44' title='bbox 497 1065 611 1130; x_wconf 92' lang='lat' dir='ltr'><strong>ducem</strong></span> <span class='ocrx_word' id='word_1_45' title='bbox 630 1075 779 1129; x_wconf 90' lang='lat' dir='ltr'><strong>secuntur</strong></span> <span class='ocrx_word' id='word_1_46' title='bbox 798 1062 911 1127; x_wconf 80' lang='lat' dir='ltr'><strong>Gallae</strong></span> <span class='ocrx_word' id='word_1_47' title='bbox 928 1064 1177 1148; x_wconf 89' lang='lat' dir='ltr'><strong>properipedem.</strong></span> 
     </span>
    </p>

    <p class='ocr_par' dir='ltr' id='par_1_4' title="bbox 299 1155 1169 1600">
     <span class='ocr_line' id='line_1_9' title="bbox 299 1155 1156 1243; baseline -0.004 -17"><span class='ocrx_word' id='word_1_48' title='bbox 299 1161 468 1243; x_wconf 72' lang='lat' dir='ltr'><strong>caltaque,</strong></span> <span class='ocrx_word' id='word_1_49' title='bbox 491 1170 527 1224; x_wconf 91' lang='lat' dir='ltr'><strong>ut</strong></span> <span class='ocrx_word' id='word_1_50' title='bbox 544 1159 673 1222; x_wconf 89' lang='lat' dir='ltr'><strong>domum</strong></span> <span class='ocrx_word' id='word_1_51' title='bbox 692 1155 843 1242; x_wconf 84' lang='lat' dir='ltr'><strong>Cybebes</strong></span> <span class='ocrx_word' id='word_1_52' title='bbox 861 1157 993 1243; x_wconf 88' lang='lat' dir='ltr'><strong>tetigere</strong></span> <span class='ocrx_word' id='word_1_53' title='bbox 1011 1158 1156 1233; x_wconf 88' lang='lat' dir='ltr'><strong>lassulae‚</strong></span> 
     </span>
     <span class='ocr_line' id='line_1_10' title="bbox 351 1249 1152 1336; baseline -0.004 -18"><span class='ocrx_word' id='word_1_54' title='bbox 351 1253 448 1318; x_wconf 91' lang='lat' dir='ltr'><strong>nimio</strong></span> <span class='ocrx_word' id='word_1_55' title='bbox 466 1276 485 1318; x_wconf 90' lang='lat' dir='ltr'><strong>e</strong></span> <span class='ocrx_word' id='word_1_56' title='bbox 501 1253 610 1318; x_wconf 91' lang='lat' dir='ltr'><strong>labore</strong></span> <span class='ocrx_word' id='word_1_57' title='bbox 628 1273 774 1316; x_wconf 85' lang='lat' dir='ltr'><strong>somnum</strong></span> <span class='ocrx_word' id='word_1_58' title='bbox 792 1250 921 1336; x_wconf 91' lang='lat' dir='ltr'><strong>capiunt</strong></span> <span class='ocrx_word' id='word_1_59' title='bbox 938 1251 1006 1317; x_wconf 90' lang='lat' dir='ltr'><strong>sine</strong></span> <span class='ocrx_word' id='word_1_60' title='bbox 1025 1249 1152 1316; x_wconf 84' lang='lat' dir='ltr'><strong>Cerere.</strong></span> 
     </span>
     <span class='ocr_line' id='line_1_11' title="bbox 350 1345 1169 1434; baseline -0.002 -22"><span class='ocrx_word' id='word_1_61' title='bbox 350 1348 442 1434; x_wconf 90' lang='lat' dir='ltr'><strong>piger</strong></span> <span class='ocrx_word' id='word_1_62' title='bbox 459 1346 508 1411; x_wconf 92' lang='lat' dir='ltr'><strong>his</strong></span> <span class='ocrx_word' id='word_1_63' title='bbox 524 1346 653 1411; x_wconf 85' lang='lat' dir='ltr'><strong>labante</strong></span> <span class='ocrx_word' id='word_1_64' title='bbox 670 1346 801 1430; x_wconf 89' lang='lat' dir='ltr'><strong>langore</strong></span> <span class='ocrx_word' id='word_1_65' title='bbox 819 1345 926 1410; x_wconf 91' lang='lat' dir='ltr'><strong>oculos</strong></span> <span class='ocrx_word' id='word_1_66' title='bbox 944 1367 1039 1430; x_wconf 90' lang='lat' dir='ltr'><strong>sopor</strong></span> <span class='ocrx_word' id='word_1_67' title='bbox 1056 1345 1169 1430; x_wconf 84' lang='lat' dir='ltr'><strong>operit:</strong></span> 
     </span>
     <span class='ocr_line' id='line_1_12' title="bbox 351 1437 1072 1523; baseline -0.006 -18"><span class='ocrx_word' id='word_1_68' title='bbox 351 1441 419 1506; x_wconf 90' lang='lat' dir='ltr'><strong>abit</strong></span> <span class='ocrx_word' id='word_1_69' title='bbox 434 1440 468 1504; x_wconf 91' lang='lat' dir='ltr'><strong>in</strong></span> <span class='ocrx_word' id='word_1_70' title='bbox 486 1439 592 1523; x_wconf 91' lang='lat' dir='ltr'><strong>quiete</strong></span> <span class='ocrx_word' id='word_1_71' title='bbox 610 1438 696 1504; x_wconf 91' lang='lat' dir='ltr'><strong>molli</strong></span> <span class='ocrx_word' id='word_1_72' title='bbox 713 1437 843 1503; x_wconf 89' lang='lat' dir='ltr'><strong>rabidus</strong></span> <span class='ocrx_word' id='word_1_73' title='bbox 861 1439 950 1502; x_wconf 87' lang='lat' dir='ltr'><strong>furor</strong></span> <span class='ocrx_word' id='word_1_74' title='bbox 966 1438 1072 1502; x_wconf 89' lang='lat' dir='ltr'><strong>animi.</strong></span> 
     </span>
     <span class='ocr_line' id='line_1_13' title="bbox 350 1530 1075 1600; baseline -0.006 0"><span class='ocrx_word' id='word_1_75' title='bbox 350 1535 407 1600; x_wconf 90' lang='lat' dir='ltr'><strong>sed</strong></span> <span class='ocrx_word' id='word_1_76' title='bbox 425 1533 481 1598; x_wconf 92' lang='lat' dir='ltr'><strong>ubi</strong></span> <span class='ocrx_word' id='word_1_77' title='bbox 499 1533 561 1597; x_wconf 90' lang='lat' dir='ltr'><strong>oris</strong></span> <span class='ocrx_word' id='word_1_78' title='bbox 580 1532 666 1597; x_wconf 91' lang='lat' dir='ltr'><strong>aurei</strong></span> <span class='ocrx_word' id='word_1_79' title='bbox 686 1530 743 1597; x_wconf 91' lang='lat' dir='ltr'><strong>Sol</strong></span> <span class='ocrx_word' id='word_1_80' title='bbox 760 1531 956 1597; x_wconf 87' lang='lat' dir='ltr'><strong>radiantibus</strong></span> <span class='ocrx_word' id='word_1_81' title='bbox 974 1531 1075 1597; x_wconf 88' lang='lat' dir='ltr'><strong>oculis</strong></span> 
     </span>
    </p>

    <p class='ocr_par' dir='ltr' id='par_1_5' title="bbox 297 1625 1269 2084">
     <span class='ocr_line' id='line_1_14' title="bbox 297 1625 1209 1703; baseline -0.009 -6"><span class='ocrx_word' id='word_1_82' title='bbox 297 1643 334 1698; x_wconf 82' lang='lat'><strong>40</strong></span> <span class='ocrx_word' id='word_1_83' title='bbox 350 1627 495 1693; x_wconf 87' lang='lat' dir='ltr'><strong>lustravit</strong></span> <span class='ocrx_word' id='word_1_84' title='bbox 513 1625 641 1691; x_wconf 82' lang='lat' dir='ltr'><strong>aethera</strong></span> <span class='ocrx_word' id='word_1_85' title='bbox 659 1625 778 1702; x_wconf 89' lang='lat' dir='ltr'><strong>album,</strong></span> <span class='ocrx_word' id='word_1_86' title='bbox 797 1626 865 1690; x_wconf 81' lang='lat' dir='ltr'><strong>sola</strong></span> <span class='ocrx_word' id='word_1_87' title='bbox 882 1625 971 1703; x_wconf 90' lang='lat' dir='ltr'><strong>dura,</strong></span> <span class='ocrx_word' id='word_1_88' title='bbox 990 1647 1077 1690; x_wconf 89' lang='lat' dir='ltr'><strong>mare</strong></span> <span class='ocrx_word' id='word_1_89' title='bbox 1095 1625 1209 1702; x_wconf 88' lang='lat' dir='ltr'><strong>ferum,</strong></span> 
     </span>
     <span class='ocr_line' id='line_1_15' title="bbox 351 1717 1269 1807; baseline -0.002 -21"><span class='ocrx_word' id='word_1_90' title='bbox 351 1721 535 1807; x_wconf 89' lang='lat' dir='ltr'><strong>pepulitque</strong></span> <span class='ocrx_word' id='word_1_91' title='bbox 553 1718 655 1783; x_wconf 90' lang='lat' dir='ltr'><strong>noctis</strong></span> <span class='ocrx_word' id='word_1_92' title='bbox 673 1717 801 1782; x_wconf 91' lang='lat' dir='ltr'><strong>umbras</strong></span> <span class='ocrx_word' id='word_1_93' title='bbox 820 1718 940 1803; x_wconf 86' lang='lat' dir='ltr'><strong>vegetis</strong></span> <span class='ocrx_word' id='word_1_94' title='bbox 958 1719 1172 1804; x_wconf 90' lang='lat' dir='ltr'><strong>sonipedibus,</strong></span> <span class='ocrx_word' id='word_1_95' title='bbox 1266 1751 1269 1760; x_wconf 86' lang='lat'><strong>·</strong></span> 
     </span>
     <span class='ocr_line' id='line_1_16' title="bbox 351 1812 1169 1897; baseline -0.004 -18"><span class='ocrx_word' id='word_1_96' title='bbox 351 1815 395 1879; x_wconf 91' lang='lat' dir='ltr'><strong>ibi</strong></span> <span class='ocrx_word' id='word_1_97' title='bbox 413 1813 552 1879; x_wconf 87' lang='lat' dir='ltr'><strong>Somnus</strong></span> <span class='ocrx_word' id='word_1_98' title='bbox 570 1813 706 1878; x_wconf 77' lang='lat' dir='ltr'><strong>excitam</strong></span> <span class='ocrx_word' id='word_1_99' title='bbox 722 1812 815 1876; x_wconf 89' lang='lat' dir='ltr'><strong>Attin</strong></span> <span class='ocrx_word' id='word_1_100' title='bbox 833 1812 960 1897; x_wconf 84' lang='lat' dir='ltr'><strong>fugiens</strong></span> <span class='ocrx_word' id='word_1_101' title='bbox 978 1812 1059 1876; x_wconf 86' lang='lat' dir='ltr'><strong>citus</strong></span> <span class='ocrx_word' id='word_1_102' title='bbox 1077 1813 1169 1877; x_wconf 83' lang='lat' dir='ltr'><strong>abiit:</strong></span> 
     </span>
     <span class='ocr_line' id='line_1_17' title="bbox 352 1905 1098 1994; baseline -0.001 -22"><span class='ocrx_word' id='word_1_103' title='bbox 352 1908 528 1994; x_wconf 87' lang='lat' dir='ltr'><strong>trepidante</strong></span> <span class='ocrx_word' id='word_1_104' title='bbox 546 1928 620 1971; x_wconf 90' lang='lat' dir='ltr'><strong>eum</strong></span> <span class='ocrx_word' id='word_1_105' title='bbox 636 1905 756 1990; x_wconf 89' lang='lat' dir='ltr'><strong>recepit</strong></span> <span class='ocrx_word' id='word_1_106' title='bbox 773 1905 833 1971; x_wconf 91' lang='lat' dir='ltr'><strong>dea</strong></span> <span class='ocrx_word' id='word_1_107' title='bbox 850 1905 1000 1971; x_wconf 85' lang='lat' dir='ltr'><strong>Pasithea</strong></span> <span class='ocrx_word' id='word_1_108' title='bbox 1017 1905 1098 1971; x_wconf 91' lang='lat' dir='ltr'><strong>sinu.</strong></span> 
     </span>
     <span class='ocr_line' id='line_1_18' title="bbox 351 1999 1000 2084; baseline -0.005 -17"><span class='ocrx_word' id='word_1_109' title='bbox 351 2003 395 2068; x_wconf 89' lang='lat' dir='ltr'><strong>ita</strong></span> <span class='ocrx_word' id='word_1_110' title='bbox 413 2002 453 2066; x_wconf 90' lang='lat' dir='ltr'><strong>de</strong></span> <span class='ocrx_word' id='word_1_111' title='bbox 470 2000 576 2084; x_wconf 89' lang='lat' dir='ltr'><strong>quiete</strong></span> <span class='ocrx_word' id='word_1_112' title='bbox 594 1999 681 2064; x_wconf 92' lang='lat' dir='ltr'><strong>molli</strong></span> <span class='ocrx_word' id='word_1_113' title='bbox 698 1999 809 2083; x_wconf 91' lang='lat' dir='ltr'><strong>rapida</strong></span> <span class='ocrx_word' id='word_1_114' title='bbox 826 1999 894 2064; x_wconf 86' lang='lat' dir='ltr'><strong>sinc</strong></span> <span class='ocrx_word' id='word_1_115' title='bbox 912 1999 1000 2064; x_wconf 89' lang='lat' dir='ltr'><strong>rabie</strong></span> 
     </span>
    </p>

    <p class='ocr_par' dir='ltr' id='par_1_6' title="bbox 298 2092 1217 2556">
     <span class='ocr_line' id='line_1_19' title="bbox 298 2092 1118 2179; baseline -0.002 -19"><span class='ocrx_word' id='word_1_116' title='bbox 298 2111 335 2166; x_wconf 78' lang='lat'><strong>45</strong></span> <span class='ocrx_word' id='word_1_117' title='bbox 352 2096 445 2160; x_wconf 89' lang='lat' dir='ltr'><strong>simul</strong></span> <span class='ocrx_word' id='word_1_118' title='bbox 462 2094 532 2179; x_wconf 91' lang='lat' dir='ltr'><strong>ipsa</strong></span> <span class='ocrx_word' id='word_1_119' title='bbox 549 2103 677 2179; x_wconf 89' lang='lat' dir='ltr'><strong>pectore</strong></span> <span class='ocrx_word' id='word_1_120' title='bbox 695 2092 782 2156; x_wconf 90' lang='lat' dir='ltr'><strong>Attis</strong></span> <span class='ocrx_word' id='word_1_121' title='bbox 800 2115 858 2156; x_wconf 90' lang='lat' dir='ltr'><strong>sua</strong></span> <span class='ocrx_word' id='word_1_122' title='bbox 875 2093 960 2157; x_wconf 88' lang='lat' dir='ltr'><strong>facta</strong></span> <span class='ocrx_word' id='word_1_123' title='bbox 976 2092 1118 2170; x_wconf 82' lang='lat' dir='ltr'><strong>recoluit,</strong></span> 
     </span>
     <span class='ocr_line' id='line_1_20' title="bbox 351 2185 1173 2272; baseline -0.005 -18"><span class='ocrx_word' id='word_1_124' title='bbox 351 2188 535 2272; x_wconf 89' lang='lat' dir='ltr'><strong>liquidaque</strong></span> <span class='ocrx_word' id='word_1_125' title='bbox 551 2197 657 2252; x_wconf 88' lang='lat' dir='ltr'><strong>mente</strong></span> <span class='ocrx_word' id='word_1_126' title='bbox 675 2185 754 2250; x_wconf 90' lang='lat' dir='ltr'><strong>vidit</strong></span> <span class='ocrx_word' id='word_1_127' title='bbox 771 2186 839 2251; x_wconf 89' lang='lat' dir='ltr'><strong>sine</strong></span> <span class='ocrx_word' id='word_1_128' title='bbox 856 2187 927 2268; x_wconf 91' lang='lat' dir='ltr'><strong>quis</strong></span> <span class='ocrx_word' id='word_1_129' title='bbox 945 2186 1064 2270; x_wconf 91' lang='lat' dir='ltr'><strong>ubique</strong></span> <span class='ocrx_word' id='word_1_130' title='bbox 1082 2187 1173 2262; x_wconf 86' lang='lat' dir='ltr'><strong>foret,</strong></span> 
     </span>
     <span class='ocr_line' id='line_1_21' title="bbox 353 2279 1217 2348; baseline -0.002 0"><span class='ocrx_word' id='word_1_131' title='bbox 353 2283 458 2348; x_wconf 89' lang='lat' dir='ltr'><strong>animo</strong></span> <span class='ocrx_word' id='word_1_132' title='bbox 476 2290 640 2346; x_wconf 84' lang='lat' dir='ltr'><strong>aestuante</strong></span> <span class='ocrx_word' id='word_1_133' title='bbox 657 2302 767 2345; x_wconf 82' lang='lat' dir='ltr'><strong>ursum</strong></span> <span class='ocrx_word' id='word_1_134' title='bbox 789 2279 926 2344; x_wconf 90' lang='lat' dir='ltr'><strong>reditum</strong></span> <span class='ocrx_word' id='word_1_135' title='bbox 945 2281 987 2344; x_wconf 91' lang='lat' dir='ltr'><strong>ad</strong></span> <span class='ocrx_word' id='word_1_136' title='bbox 1003 2281 1086 2346; x_wconf 90' lang='lat' dir='ltr'><strong>vada</strong></span> <span class='ocrx_word' id='word_1_137' title='bbox 1103 2279 1217 2346; x_wconf 89' lang='lat' dir='ltr'><strong>tetulit.</strong></span> 
     </span>
     <span class='ocr_line' id='line_1_22' title="bbox 351 2373 1126 2450; baseline -0.001 -10"><span class='ocrx_word' id='word_1_138' title='bbox 351 2377 395 2440; x_wconf 93' lang='lat' dir='ltr'><strong>ibi</strong></span> <span class='ocrx_word' id='word_1_139' title='bbox 413 2376 512 2440; x_wconf 90' lang='lat' dir='ltr'><strong>maria</strong></span> <span class='ocrx_word' id='word_1_140' title='bbox 530 2386 619 2439; x_wconf 89' lang='lat' dir='ltr'><strong>vasta</strong></span> <span class='ocrx_word' id='word_1_141' title='bbox 636 2373 742 2439; x_wconf 87' lang='lat' dir='ltr'><strong>visens</strong></span> <span class='ocrx_word' id='word_1_142' title='bbox 758 2373 997 2438; x_wconf 81' lang='lat' dir='ltr'><strong>lacrimantibus</strong></span> <span class='ocrx_word' id='word_1_143' title='bbox 1016 2375 1126 2450; x_wconf 90' lang='lat' dir='ltr'><strong>oculis,</strong></span> 
     </span>
     <span class='ocr_line' id='line_1_23' title="bbox 352 2467 1155 2556; baseline -0.001 -22"><span class='ocrx_word' id='word_1_144' title='bbox 352 2469 487 2556; x_wconf 88' lang='lat' dir='ltr'><strong>patriam</strong></span> <span class='ocrx_word' id='word_1_145' title='bbox 505 2468 651 2533; x_wconf 86' lang='lat' dir='ltr'><strong>adlocuta</strong></span> <span class='ocrx_word' id='word_1_146' title='bbox 668 2479 818 2533; x_wconf 87' lang='lat' dir='ltr'><strong>maestast</strong></span> <span class='ocrx_word' id='word_1_147' title='bbox 834 2467 880 2532; x_wconf 88' lang='lat' dir='ltr'><strong>ita</strong></span> <span class='ocrx_word' id='word_1_148' title='bbox 897 2489 975 2533; x_wconf 86' lang='lat' dir='ltr'><strong>voce</strong></span> <span class='ocrx_word' id='word_1_149' title='bbox 993 2468 1155 2534; x_wconf 83' lang='lat' dir='ltr'><strong>miscriter.</strong></span> 
     </span>
    </p>

    <p class='ocr_par' dir='ltr' id='par_1_7' title="bbox 299 2561 1218 3013">
     <span class='ocr_line' id='line_1_24' title="bbox 299 2561 1164 2648; baseline 0 -22"><span class='ocrx_word' id='word_1_150' title='bbox 299 2577 336 2633; x_wconf 80' lang='lat'><strong>50</strong></span> <span class='ocrx_word' id='word_1_151' title='bbox 354 2562 471 2648; x_wconf 86' lang='lat' dir='ltr'><strong>‘patria</strong></span> <span class='ocrx_word' id='word_1_152' title='bbox 487 2584 506 2627; x_wconf 93' lang='lat' dir='ltr'><strong>o</strong></span> <span class='ocrx_word' id='word_1_153' title='bbox 525 2561 588 2626; x_wconf 90' lang='lat' dir='ltr'><strong>mei</strong></span> <span class='ocrx_word' id='word_1_154' title='bbox 604 2561 749 2637; x_wconf 86' lang='lat' dir='ltr'><strong>creatrix,</strong></span> <span class='ocrx_word' id='word_1_155' title='bbox 768 2561 869 2646; x_wconf 89' lang='lat' dir='ltr'><strong>patria</strong></span> <span class='ocrx_word' id='word_1_156' title='bbox 886 2582 905 2625; x_wconf 95' lang='lat' dir='ltr'><strong>o</strong></span> <span class='ocrx_word' id='word_1_157' title='bbox 922 2584 995 2626; x_wconf 89' lang='lat' dir='ltr'><strong>mea</strong></span> <span class='ocrx_word' id='word_1_158' title='bbox 1011 2561 1164 2646; x_wconf 87' lang='lat' dir='ltr'><strong>genetrix,</strong></span> 
     </span>
     <span class='ocr_line' id='line_1_25' title="bbox 353 2654 1218 2742; baseline -0.001 -21"><span class='ocrx_word' id='word_1_159' title='bbox 353 2678 413 2742; x_wconf 91' lang='lat' dir='ltr'><strong>ego</strong></span> <span class='ocrx_word' id='word_1_160' title='bbox 431 2678 527 2739; x_wconf 91' lang='lat' dir='ltr'><strong>quam</strong></span> <span class='ocrx_word' id='word_1_161' title='bbox 544 2654 638 2720; x_wconf 90' lang='lat' dir='ltr'><strong>miser</strong></span> <span class='ocrx_word' id='word_1_162' title='bbox 654 2654 844 2738; x_wconf 90' lang='lat' dir='ltr'><strong>relinquens,</strong></span> <span class='ocrx_word' id='word_1_163' title='bbox 861 2655 1005 2719; x_wconf 88' lang='lat' dir='ltr'><strong>dominos</strong></span> <span class='ocrx_word' id='word_1_164' title='bbox 1023 2666 1059 2720; x_wconf 92' lang='lat' dir='ltr'><strong>ut</strong></span> <span class='ocrx_word' id='word_1_165' title='bbox 1076 2656 1218 2740; x_wconf 85' lang='lat' dir='ltr'><strong>erifugae</strong></span> 
     </span>
     <span class='ocr_line' id='line_1_26' title="bbox 352 2749 1145 2834; baseline -0.003 -20"><span class='ocrx_word' id='word_1_166' title='bbox 352 2751 464 2815; x_wconf 86' lang='lat' dir='ltr'><strong>famuli</strong></span> <span class='ocrx_word' id='word_1_167' title='bbox 482 2750 594 2824; x_wconf 88' lang='lat' dir='ltr'><strong>solent,</strong></span> <span class='ocrx_word' id='word_1_168' title='bbox 613 2750 654 2813; x_wconf 93' lang='lat' dir='ltr'><strong>ad</strong></span> <span class='ocrx_word' id='word_1_169' title='bbox 670 2749 749 2814; x_wconf 92' lang='lat' dir='ltr'><strong>Idae</strong></span> <span class='ocrx_word' id='word_1_170' title='bbox 768 2749 858 2813; x_wconf 90' lang='lat' dir='ltr'><strong>tetuli</strong></span> <span class='ocrx_word' id='word_1_171' title='bbox 874 2771 1005 2814; x_wconf 88' lang='lat' dir='ltr'><strong>nemora</strong></span> <span class='ocrx_word' id='word_1_172' title='bbox 1021 2750 1145 2834; x_wconf 91' lang='lat' dir='ltr'><strong>pedem,</strong></span> 
     </span>
     <span class='ocr_line' id='line_1_27' title="bbox 353 2843 1195 2929; baseline -0.004 -20"><span class='ocrx_word' id='word_1_173' title='bbox 353 2857 390 2909; x_wconf 90' lang='lat' dir='ltr'><strong>ut</strong></span> <span class='ocrx_word' id='word_1_174' title='bbox 406 2855 485 2929; x_wconf 91' lang='lat' dir='ltr'><strong>aput</strong></span> <span class='ocrx_word' id='word_1_175' title='bbox 501 2843 608 2909; x_wconf 88' lang='lat' dir='ltr'><strong>nivem</strong></span> <span class='ocrx_word' id='word_1_176' title='bbox 624 2853 656 2908; x_wconf 92' lang='lat' dir='ltr'><strong>et</strong></span> <span class='ocrx_word' id='word_1_177' title='bbox 672 2844 812 2907; x_wconf 84' lang='lat' dir='ltr'><strong>ferarum</strong></span> <span class='ocrx_word' id='word_1_178' title='bbox 829 2843 936 2928; x_wconf 92' lang='lat' dir='ltr'><strong>gelida</strong></span> <span class='ocrx_word' id='word_1_179' title='bbox 952 2843 1078 2908; x_wconf 89' lang='lat' dir='ltr'><strong>stabula</strong></span> <span class='ocrx_word' id='word_1_180' title='bbox 1095 2845 1195 2908; x_wconf 81' lang='lat' dir='ltr'><strong>torem</strong></span> 
     </span>
     <span class='ocr_line' id='line_1_28' title="bbox 354 2936 1149 3013; baseline -0.003 -10"><span class='ocrx_word' id='word_1_181' title='bbox 354 2949 387 3004; x_wconf 91' lang='lat' dir='ltr'><strong>et</strong></span> <span class='ocrx_word' id='word_1_182' title='bbox 403 2960 511 3003; x_wconf 88' lang='lat' dir='ltr'><strong>earum</strong></span> <span class='ocrx_word' id='word_1_183' title='bbox 531 2937 637 3001; x_wconf 90' lang='lat' dir='ltr'><strong>omnia</strong></span> <span class='ocrx_word' id='word_1_184' title='bbox 654 2937 773 3002; x_wconf 89' lang='lat' dir='ltr'><strong>adirem</strong></span> <span class='ocrx_word' id='word_1_185' title='bbox 792 2936 964 3001; x_wconf 86' lang='lat' dir='ltr'><strong>furibunda</strong></span> <span class='ocrx_word' id='word_1_186' title='bbox 981 2936 1122 3013; x_wconf 89' lang='lat' dir='ltr'><strong>latibula,</strong></span> <span class='ocrx_word' id='word_1_187' title='bbox 1146 2969 1149 2972; x_wconf 96' lang='lat'>·</span> 
     </span>
    </p>

    <p class='ocr_par' dir='ltr' id='par_1_8' title="bbox 300 3030 1242 3492">
     <span class='ocr_line' id='line_1_29' title="bbox 300 3030 1234 3116; baseline -0.007 -15"><span class='ocrx_word' id='word_1_188' title='bbox 300 3047 337 3101; x_wconf 80' lang='lat'><strong>55</strong></span> <span class='ocrx_word' id='word_1_189' title='bbox 354 3032 483 3097; x_wconf 88' lang='lat' dir='ltr'><strong>ubinam</strong></span> <span class='ocrx_word' id='word_1_190' title='bbox 501 3041 556 3095; x_wconf 90' lang='lat' dir='ltr'><strong>aut</strong></span> <span class='ocrx_word' id='word_1_191' title='bbox 573 3030 689 3114; x_wconf 90' lang='lat' dir='ltr'><strong>quibus</strong></span> <span class='ocrx_word' id='word_1_192' title='bbox 706 3030 784 3095; x_wconf 91' lang='lat' dir='ltr'><strong>locis</strong></span> <span class='ocrx_word' id='word_1_193' title='bbox 803 3040 834 3094; x_wconf 85' lang='lat' dir='ltr'><strong>te</strong></span> <span class='ocrx_word' id='word_1_194' title='bbox 851 3030 997 3115; x_wconf 89' lang='lat' dir='ltr'><strong>positam,</strong></span> <span class='ocrx_word' id='word_1_195' title='bbox 1016 3032 1128 3116; x_wconf 90' lang='lat' dir='ltr'><strong>patria,</strong></span> <span class='ocrx_word' id='word_1_196' title='bbox 1145 3031 1234 3095; x_wconf 83' lang='lat' dir='ltr'><strong>reor?</strong></span> 
     </span>
     <span class='ocr_line' id='line_1_30' title="bbox 354 3123 1136 3212; baseline -0.005 -20"><span class='ocrx_word' id='word_1_197' title='bbox 354 3127 441 3212; x_wconf 89' lang='lat' dir='ltr'><strong>cupit</strong></span> <span class='ocrx_word' id='word_1_198' title='bbox 456 3126 525 3210; x_wconf 87' lang='lat' dir='ltr'><strong>ipsa</strong></span> <span class='ocrx_word' id='word_1_199' title='bbox 542 3125 663 3211; x_wconf 88' lang='lat' dir='ltr'><strong>pupula</strong></span> <span class='ocrx_word' id='word_1_200' title='bbox 679 3124 720 3189; x_wconf 93' lang='lat' dir='ltr'><strong>ad</strong></span> <span class='ocrx_word' id='word_1_201' title='bbox 738 3134 769 3189; x_wconf 85' lang='lat' dir='ltr'><strong>te</strong></span> <span class='ocrx_word' id='word_1_202' title='bbox 787 3123 847 3188; x_wconf 90' lang='lat' dir='ltr'><strong>sibi</strong></span> <span class='ocrx_word' id='word_1_203' title='bbox 865 3123 1007 3210; x_wconf 84' lang='lat' dir='ltr'><strong>derigere</strong></span> <span class='ocrx_word' id='word_1_204' title='bbox 1024 3125 1136 3202; x_wconf 89' lang='lat' dir='ltr'><strong>aciem,</strong></span> 
     </span>
     <span class='ocr_line' id='line_1_31' title="bbox 352 3217 1218 3303; baseline -0.002 -19"><span class='ocrx_word' id='word_1_205' title='bbox 352 3220 440 3285; x_wconf 89' lang='lat' dir='ltr'><strong>rabie</strong></span> <span class='ocrx_word' id='word_1_206' title='bbox 457 3220 526 3284; x_wconf 85' lang='lat' dir='ltr'><strong>fera</strong></span> <span class='ocrx_word' id='word_1_207' title='bbox 543 3240 652 3284; x_wconf 90' lang='lat' dir='ltr'><strong>carens</strong></span> <span class='ocrx_word' id='word_1_208' title='bbox 670 3217 747 3282; x_wconf 90' lang='lat' dir='ltr'><strong>dum</strong></span> <span class='ocrx_word' id='word_1_209' title='bbox 764 3218 860 3283; x_wconf 88' lang='lat' dir='ltr'><strong>breve</strong></span> <span class='ocrx_word' id='word_1_210' title='bbox 878 3230 1002 3303; x_wconf 88' lang='lat' dir='ltr'><strong>tempus</strong></span> <span class='ocrx_word' id='word_1_211' title='bbox 1020 3218 1144 3284; x_wconf 90' lang='lat' dir='ltr'><strong>animus</strong></span> <span class='ocrx_word' id='word_1_212' title='bbox 1162 3228 1218 3284; x_wconf 89' lang='lat' dir='ltr'><strong>est.</strong></span> 
     </span>
     <span class='ocr_line' id='line_1_32' title="bbox 353 3311 1242 3398; baseline -0.001 -20"><span class='ocrx_word' id='word_1_213' title='bbox 353 3336 454 3398; x_wconf 89' lang='lat' dir='ltr'><strong>egone</strong></span> <span class='ocrx_word' id='word_1_214' title='bbox 473 3336 492 3378; x_wconf 92' lang='lat' dir='ltr'><strong>a</strong></span> <span class='ocrx_word' id='word_1_215' title='bbox 508 3335 580 3378; x_wconf 89' lang='lat' dir='ltr'><strong>mea</strong></span> <span class='ocrx_word' id='word_1_216' title='bbox 596 3323 717 3378; x_wconf 89' lang='lat' dir='ltr'><strong>remota</strong></span> <span class='ocrx_word' id='word_1_217' title='bbox 734 3311 813 3376; x_wconf 91' lang='lat' dir='ltr'><strong>haec</strong></span> <span class='ocrx_word' id='word_1_218' title='bbox 830 3312 915 3377; x_wconf 84' lang='lat' dir='ltr'><strong>ferar</strong></span> <span class='ocrx_word' id='word_1_219' title='bbox 931 3313 964 3376; x_wconf 92' lang='lat' dir='ltr'><strong>in</strong></span> <span class='ocrx_word' id='word_1_220' title='bbox 982 3334 1113 3377; x_wconf 90' lang='lat' dir='ltr'><strong>nemora</strong></span> <span class='ocrx_word' id='word_1_221' title='bbox 1129 3313 1242 3377; x_wconf 86' lang='lat' dir='ltr'><strong>domo?</strong></span> 
     </span>
     <span class='ocr_line' id='line_1_33' title="bbox 353 3405 1065 3492; baseline 0.001 -23"><span class='ocrx_word' id='word_1_222' title='bbox 353 3406 464 3492; x_wconf 89' lang='lat' dir='ltr'><strong>patria,</strong></span> <span class='ocrx_word' id='word_1_223' title='bbox 481 3406 582 3482; x_wconf 89' lang='lat' dir='ltr'><strong>bonis,</strong></span> <span class='ocrx_word' id='word_1_224' title='bbox 600 3406 719 3482; x_wconf 90' lang='lat' dir='ltr'><strong>amicis,</strong></span> <span class='ocrx_word' id='word_1_225' title='bbox 737 3405 932 3492; x_wconf 83' lang='lat' dir='ltr'><strong>genitoribus</strong></span> <span class='ocrx_word' id='word_1_226' title='bbox 950 3406 1065 3472; x_wconf 76' lang='lat' dir='ltr'><strong>abero?</strong></span> 
     </span>
    </p>

    <p class='ocr_par' dir='ltr' id='par_1_9' title="bbox 297 3499 1372 3960">
     <span class='ocr_line' id='line_1_34' title="bbox 297 3499 1109 3585; baseline -0.005 -18"><span class='ocrx_word' id='word_1_227' title='bbox 297 3511 336 3567; x_wconf 75' lang='lat'><strong>60</strong></span> <span class='ocrx_word' id='word_1_228' title='bbox 352 3501 449 3565; x_wconf 91' lang='lat' dir='ltr'><strong>abero</strong></span> <span class='ocrx_word' id='word_1_229' title='bbox 466 3500 546 3576; x_wconf 81' lang='lat' dir='ltr'><strong>foro,</strong></span> <span class='ocrx_word' id='word_1_230' title='bbox 563 3499 731 3585; x_wconf 87' lang='lat' dir='ltr'><strong>palaestra,</strong></span> <span class='ocrx_word' id='word_1_231' title='bbox 749 3500 851 3564; x_wconf 86' lang='lat' dir='ltr'><strong>stadio</strong></span> <span class='ocrx_word' id='word_1_232' title='bbox 869 3511 901 3565; x_wconf 89' lang='lat' dir='ltr'><strong>et</strong></span> <span class='ocrx_word' id='word_1_233' title='bbox 917 3499 1109 3585; x_wconf 81' lang='lat' dir='ltr'><strong>gymnasiis?</strong></span> 
     </span>
     <span class='ocr_line' id='line_1_35' title="bbox 352 3594 1372 3677; baseline 0.006 -19"><span class='ocrx_word' id='word_1_234' title='bbox 352 3595 447 3660; x_wconf 90' lang='lat' dir='ltr'><strong>miser</strong></span> <span class='ocrx_word' id='word_1_235' title='bbox 463 3617 483 3657; x_wconf 93' lang='lat' dir='ltr'><strong>a</strong></span> <span class='ocrx_word' id='word_1_236' title='bbox 500 3594 604 3668; x_wconf 89' lang='lat' dir='ltr'><strong>miser,</strong></span> <span class='ocrx_word' id='word_1_237' title='bbox 622 3594 819 3676; x_wconf 92' lang='lat' dir='ltr'><strong>querendum</strong></span> <span class='ocrx_word' id='word_1_238' title='bbox 836 3607 884 3660; x_wconf 89' lang='lat' dir='ltr'><strong>est</strong></span> <span class='ocrx_word' id='word_1_239' title='bbox 901 3594 995 3659; x_wconf 89' lang='lat' dir='ltr'><strong>etiam</strong></span> <span class='ocrx_word' id='word_1_240' title='bbox 1013 3607 1109 3677; x_wconf 90' lang='lat' dir='ltr'><strong>atque</strong></span> <span class='ocrx_word' id='word_1_241' title='bbox 1127 3594 1231 3668; x_wconf 90' lang='lat' dir='ltr'><strong>etiam,</strong></span> <span class='ocrx_word' id='word_1_242' title='bbox 1254 3595 1372 3664; x_wconf 76' lang='lat' dir='ltr'><strong>anima</strong></span> 
     </span>
     <span class='ocr_line' id='line_1_36' title="bbox 350 3686 1271 3772; baseline -0.001 -21"><span class='ocrx_word' id='word_1_243' title='bbox 350 3687 436 3772; x_wconf 91' lang='lat' dir='ltr'><strong>quod</strong></span> <span class='ocrx_word' id='word_1_244' title='bbox 454 3686 537 3751; x_wconf 90' lang='lat' dir='ltr'><strong>enim</strong></span> <span class='ocrx_word' id='word_1_245' title='bbox 555 3708 656 3771; x_wconf 88' lang='lat' dir='ltr'><strong>genus</strong></span> <span class='ocrx_word' id='word_1_246' title='bbox 675 3687 836 3771; x_wconf 85' lang='lat' dir='ltr'><strong>figuraest,</strong></span> <span class='ocrx_word' id='word_1_247' title='bbox 855 3709 915 3772; x_wconf 90' lang='lat' dir='ltr'><strong>ego</strong></span> <span class='ocrx_word' id='word_1_248' title='bbox 932 3708 998 3752; x_wconf 91' lang='lat' dir='ltr'><strong>non</strong></span> <span class='ocrx_word' id='word_1_249' title='bbox 1016 3687 1102 3770; x_wconf 93' lang='lat' dir='ltr'><strong>quod</strong></span> <span class='ocrx_word' id='word_1_250' title='bbox 1120 3687 1271 3751; x_wconf 83' lang='lat' dir='ltr'><strong>obierim?</strong></span> 
     </span>
     <span class='ocr_line' id='line_1_37' title="bbox 351 3780 1270 3866; baseline -0.002 -20"><span class='ocrx_word' id='word_1_251' title='bbox 351 3802 412 3866; x_wconf 90' lang='lat' dir='ltr'><strong>ego</strong></span> <span class='ocrx_word' id='word_1_252' title='bbox 429 3780 543 3844; x_wconf 86' lang='lat' dir='ltr'><strong>mulier</strong></span> <span class='ocrx_word' id='word_1_253' title='bbox 560 3801 620 3865; x_wconf 88' lang='lat' dir='ltr'><strong>ego</strong></span> <span class='ocrx_word' id='word_1_254' title='bbox 638 3780 834 3860; x_wconf 86' lang='lat' dir='ltr'><strong>adulescens,</strong></span> <span class='ocrx_word' id='word_1_255' title='bbox 852 3802 913 3865; x_wconf 86' lang='lat' dir='ltr'><strong>ego</strong></span> <span class='ocrx_word' id='word_1_256' title='bbox 931 3780 1084 3865; x_wconf 91' lang='lat' dir='ltr'><strong>ephebus,</strong></span> <span class='ocrx_word' id='word_1_257' title='bbox 1102 3802 1163 3866; x_wconf 90' lang='lat' dir='ltr'><strong>ego</strong></span> <span class='ocrx_word' id='word_1_258' title='bbox 1180 3803 1270 3866; x_wconf 91' lang='lat' dir='ltr'><strong>puer,</strong></span> 
     </span>
     <span class='ocr_line' id='line_1_38' title="bbox 350 3873 1112 3960; baseline 0 -22"><span class='ocrx_word' id='word_1_259' title='bbox 350 3896 412 3959; x_wconf 89' lang='lat' dir='ltr'><strong>ego</strong></span> <span class='ocrx_word' id='word_1_260' title='bbox 429 3874 576 3959; x_wconf 87' lang='lat' dir='ltr'><strong>gymnasi</strong></span> <span class='ocrx_word' id='word_1_261' title='bbox 594 3873 725 3950; x_wconf 76' lang='lat' dir='ltr'><strong>fuisos,</strong></span> <span class='ocrx_word' id='word_1_262' title='bbox 744 3896 805 3960; x_wconf 91' lang='lat' dir='ltr'><strong>ego</strong></span> <span class='ocrx_word' id='word_1_263' title='bbox 822 3897 909 3940; x_wconf 88' lang='lat' dir='ltr'><strong>eram</strong></span> <span class='ocrx_word' id='word_1_264' title='bbox 926 3875 1023 3938; x_wconf 89' lang='lat' dir='ltr'><strong>decus</strong></span> <span class='ocrx_word' id='word_1_265' title='bbox 1041 3874 1112 3952; x_wconf 92' lang='lat' dir='ltr'><strong>olei,</strong></span> 
     </span>
    </p>

    <p class='ocr_par' dir='ltr' id='par_1_10' title="bbox 297 3967 1201 4240">
     <span class='ocr_line' id='line_1_39' title="bbox 297 3967 1124 4053; baseline -0.004 -18"><span class='ocrx_word' id='word_1_266' title='bbox 297 3980 334 4035; x_wconf 77' lang='grc'><strong>65</strong></span> <span class='ocrx_word' id='word_1_267' title='bbox 351 3967 428 4031; x_wconf 91' lang='lat' dir='ltr'><strong>mihi</strong></span> <span class='ocrx_word' id='word_1_268' title='bbox 445 3967 558 4032; x_wconf 90' lang='lat' dir='ltr'><strong>ianuae</strong></span> <span class='ocrx_word' id='word_1_269' title='bbox 575 3968 768 4052; x_wconf 84' lang='lat' dir='ltr'><strong>frequentes,</strong></span> <span class='ocrx_word' id='word_1_270' title='bbox 786 3968 864 4032; x_wconf 88' lang='lat' dir='ltr'><strong>mihi</strong></span> <span class='ocrx_word' id='word_1_271' title='bbox 881 3968 990 4033; x_wconf 89' lang='lat' dir='ltr'><strong>limina</strong></span> <span class='ocrx_word' id='word_1_272' title='bbox 1008 3968 1124 4053; x_wconf 89' lang='lat' dir='ltr'><strong>tepida,</strong></span> 
     </span>
     <span class='ocr_line' id='line_1_40' title="bbox 350 4059 1091 4137; baseline 0.003 -13"><span class='ocrx_word' id='word_1_273' title='bbox 350 4059 427 4124; x_wconf 92' lang='lat' dir='ltr'><strong>mihi</strong></span> <span class='ocrx_word' id='word_1_274' title='bbox 444 4059 563 4124; x_wconf 89' lang='lat' dir='ltr'><strong>floridis</strong></span> <span class='ocrx_word' id='word_1_275' title='bbox 580 4061 704 4125; x_wconf 90' lang='lat' dir='ltr'><strong>corollis</strong></span> <span class='ocrx_word' id='word_1_276' title='bbox 720 4060 866 4126; x_wconf 89' lang='lat' dir='ltr'><strong>redimita</strong></span> <span class='ocrx_word' id='word_1_277' title='bbox 883 4062 996 4126; x_wconf 89' lang='lat' dir='ltr'><strong>domus</strong></span> <span class='ocrx_word' id='word_1_278' title='bbox 1015 4071 1091 4137; x_wconf 89' lang='lat' dir='ltr'><strong>erat,</strong></span> 
     </span>
     <span class='ocr_line' id='line_1_41' title="bbox 348 4152 1201 4240; baseline 0.002 -22"><span class='ocrx_word' id='word_1_279' title='bbox 348 4152 556 4240; x_wconf 89' lang='lat' dir='ltr'><strong>linquendum</strong></span> <span class='ocrx_word' id='word_1_280' title='bbox 573 4153 629 4218; x_wconf 87' lang='lat' dir='ltr'><strong>ubi</strong></span> <span class='ocrx_word' id='word_1_281' title='bbox 646 4165 729 4220; x_wconf 87' lang='lat' dir='ltr'><strong>esset</strong></span> <span class='ocrx_word' id='word_1_282' title='bbox 746 4164 814 4219; x_wconf 91' lang='lat' dir='ltr'><strong>orto</strong></span> <span class='ocrx_word' id='word_1_283' title='bbox 832 4154 908 4218; x_wconf 90' lang='lat' dir='ltr'><strong>mihi</strong></span> <span class='ocrx_word' id='word_1_284' title='bbox 926 4154 992 4220; x_wconf 84' lang='lat' dir='ltr'><strong>sole</strong></span> <span class='ocrx_word' id='word_1_285' title='bbox 1010 4154 1201 4220; x_wconf 87' lang='lat' dir='ltr'><strong>cubiculum.</strong></span> 
     </span>
    </p>
   </div>
   <div class='ocr_carea' id='block_1_3' title="bbox 0 0 1492 5004">
    <p class='ocr_par' dir='ltr' id='par_1_11' title="bbox 0 0 1492 5004">
     <span class='ocr_line' id='line_1_42' title="bbox 0 0 1492 5004; baseline 0 0"><span class='ocrx_word' id='word_1_286' title='bbox 0 0 1492 5004; x_wconf 95' lang='lat' dir='ltr'><strong> </strong></span> 
     </span>
    </p>
   </div>
  </div>
 </body>
</html>
