2954 4990
536 407 764 451 PROLEGOMLNA
1151 406 1197 450 VII

106 546 207 586 amore
229 526 385 586 cohaerere
407 544 566 584 censemus.
601 530 741 586 incertius
767 527 909 586 iudicium
931 527 967 587 (16
990 528 1119 586 carmine
1136 526 1195 584 XL

108 620 160 685 est,
178 615 210 670 in
230 614 312 670 cuius
326 630 414 670 versu
428 613 445 692 7
462 610 596 670 Catullus
613 621 730 691 praeter
743 632 827 670 suam
840 615 873 670 16
887 611 1073 688 designanda
1085 611 1196 671 Lesbia

108 696 352 756 consuetudinem
371 697 463 755 ‘meos
482 697 608 755 amores’
623 697 705 755 dixit.
732 717 823 776 quare
838 696 1145 758 GuilVorlaenderus
1164 698 1197 754 in

107 781 313 841 dissertatione
332 781 368 840 de
387 779 499 840 Catulli
516 781 554 840 ad
572 781 712 840 Lesbiam
731 783 909 841 carminibus
927 784 1050 841 Bonnae
1067 802 1093 840 a.
1113 783 1196 840 1864

107 867 260 946 publicata
272 888 300 945 p.
318 867 356 924 19
370 887 400 924 6.
418 866 474 925 hoc
492 869 670 943 poematium
684 868 824 944 praetulit
837 867 877 925 ad
889 868 1060 926 Iuventium
1077 865 1195 938 referre,

106 954 223 1031 quiite
246 952 402 1010 denotatur
425 972 448 1009 c.
466 951 528 1010 XV
547 956 561 1008 1
583 959 612 1010 et
629 951 710 1010 XXI
731 956 759 1010 4.
786 973 966 1032 quamquam
988 971 1053 1011 earn
1075 950 1197 1010 locutio-

107 1055 176 1096 nem
193 1057 246 1115 per
264 1056 295 1096 se
312 1039 400 1096 etiam
420 1035 456 1095 (16
474 1036 584 1095 Lesbia
601 1036 734 1096 adhiberi
758 1040 887 1115 potuisse
905 1037 1126 1096 concedendum
1144 1044 1196 1096 est.

107 1121 185 1180 conf.
199 1143 223 1181 c.
237 1121 326 1181 XLV
344 1127 357 1178 l
374 1129 403 1180 et
415 1121 521 1181 LXIV
536 1124 583 1178 27.
611 1120 719 1180 deinde
736 1122 819 1180 nulla
836 1125 957 1181 omnino
975 1142 1065 1180 causa
1082 1129 1126 1180 est
1145 1142 1198 1180 cur

107 1227 132 1265 6.
146 1207 230 1266 XIII
244 1210 282 1266 11
298 1207 439 1265 Lesbiam
456 1205 590 1281 intellegi
608 1206 790 1266 arbitremur.
817 1206 945 1286 denique
964 1227 1081 1267 carmen
1093 1207 1196 1279 XLII,

107 1293 140 1350 in
159 1313 217 1371 quo
236 1291 372 1350 Catullus
390 1290 542 1350 mulierem
559 1290 721 1369 pugillares
740 1311 807 1350 suos
825 1291 883 1350 sibi
903 1291 1026 1351 reddere
1047 1291 1198 1350 nolentem

107 1379 291 1453 gravissimis
309 1379 471 1434 insectatur
487 1376 644 1435 verborum
663 1375 855 1449 contumeliis,
880 1379 1021 1434 miramur
1038 1376 1128 1434 luisse
1147 1377 1198 1454 qui

107 1461 147 1519 ad
165 1482 230 1520 eam
248 1463 395 1539 pertinere
412 1460 468 1519 sibi
485 1460 697 1540 persuaderent
715 1463 762 1519 cui
784 1468 872 1540 poeta
889 1480 914 1519 6.
934 1460 1005 1520 CIV
1021 1460 1198 1520 maledicere

110 1565 142 1606 se
160 1564 246 1624 posse
263 1553 361 1622 negat.

173 1632 238 1689 Iam
256 1631 351 1709 qualis
363 1630 473 1690 Lesbia
490 1631 563 1690 haec
576 1630 666 1690 fuerit
679 1648 812 1711 quasque
826 1629 938 1690 catulli
951 1649 1023 1708 erga
1036 1650 1101 1690 eam
1115 1651 1198 1690 amor

107 1714 326 1775 vicissitudines
353 1715 490 1775 habuerit
520 1715 682 1776 secundum
712 1735 748 1774 ea
778 1717 910 1774 carmina
936 1735 1011 1795 quae
1038 1723 1116 1776 certo
1147 1725 1199 1774 aut

108 1821 219 1877 magna
236 1821 302 1859 cum
319 1801 527 1879 probabilitate
544 1801 583 1859 ad
596 1803 683 1860 istam
695 1800 848 1859 mulierem
865 1800 969 1860 referri
983 1800 1111 1859 diximus
1129 1808 1199 1860 ante

107 1886 210 1946 oculos
221 1905 330 1964 ponere
344 1887 524 1960 conabimur,
539 1886 618 1944 unde
632 1885 720 1944 simul
733 1893 927 1962 cognoscetur
940 1906 1029 1964 quam
1043 1885 1081 1944 (16
1095 1885 1198 1945 ordine

107 1967 167 2051 (166
189 1970 263 2030 haec
283 1980 420 2048 poemata
446 1990 510 2030 sese
536 1973 672 2049 excipere
697 1969 856 2029 videantur
882 1973 1058 2030 sententiam
1079 1972 1111 2029 in
1132 1974 1199 2029 uni-

108 2076 228 2116 versum
251 2064 348 2116 mente
371 2055 609 2115 formaverimus:
635 2075 706 2114 nam
728 2055 846 2132 singula
868 2058 968 2114 omnia
989 2058 1041 2134 qui
1063 2066 1200 2114 accurate

108 2140 289 2220 temporibus
320 2140 418 2200 divisa
449 2161 480 2201 se
515 2140 664 2220 explicare
694 2159 779 2218 posse
810 2143 948 2219 opinatur
982 2159 1100 2219 operam
1135 2159 1199 2218 per-

110 2225 225 2285 diderit.
320 2251 321 2256 ¹

173 2310 312 2370 Lesbiam
333 2331 352 2368 a
374 2308 491 2369 Catullo
518 2318 646 2369 amatam
672 2317 795 2390 nuptam
820 2310 973 2369 mulierem
996 2309 1087 2369 fuisse
1110 2317 1200 2388 atque

108 2395 239 2455 nobilem
257 2397 451 2454 certissimum
468 2403 519 2468 est,
538 2414 635 2475 neque
651 2416 770 2474 possum
784 2399 854 2454 satis
868 2397 969 2454 mirari
986 2415 1081 2474 nuper
1097 2415 1199 2454 marsus

110 2482 244 2540 extitisse
266 2483 318 2559 qui
339 2486 463 2558 utroque
484 2487 594 2540 temere
615 2489 722 2558 negato
746 2480 783 2540 de
805 2480 945 2540 libertina
963 2489 992 2539 et
1013 2479 1200 2539 meretricula

50 2563 63 2600 ³
109 2566 229 2642 vulgari
252 2567 382 2642 cogitare
404 2564 513 2624 mallet.
544 2564 636 2645 quid?
661 2565 700 2624 ad
725 2566 815 2626 talem
837 2565 991 2626 mulierem
1014 2567 1152 2624 carminis
1169 2566 1199 2624 V

109 2654 227 2710 initium
248 2651 392 2731 quadrare
413 2651 596 2728 putabimus,
619 2652 671 2711 ubi
691 2658 779 2729 poeta
800 2651 931 2729 puellam
949 2671 1032 2710 suam
1050 2650 1199 2709 advitam

110 2736 351 2814 voluptatemque
374 2736 496 2795 abiectis
523 2737 658 2796 omnibus
684 2737 829 2814 scrupulis
850 2735 1006 2794 fruendam
1029 2736 1200 2795 exhortatur

109 2822 166 2880 hoo
178 2821 274 2894 mode,
294 2821 459 2894 ι71661666,
478 2840 545 2880 mea
558 2821 675 2893 Lesbia,
695 2829 783 2901 atque
797 2841 937 2894 amemus,
955 2823 1199 2898 Rumoresque

111 2925 233 2966 senum
260 2909 478 2966 severiorum
501 2905 612 2966 Omnes
634 2909 722 2966 unius
744 2909 931 2965 aestimemus
956 2904 1065 2964 assis'?
1092 2906 1199 2984 quibus

110 2991 209 3050 verbis
242 3009 370 3049 amorem
404 2999 537 3050 veterum
567 3010 684 3071 quoque
718 2990 828 3049 iudicio
859 2990 1007 3049 inlicitum
1037 2989 1200 3065 significari

110 3074 300 3135 manifestum
318 3083 370 3132 cst.
406 3092 502 3152 neque
518 3095 589 3134 vero
608 3095 685 3154 quae
703 3095 727 3134 6.
745 3075 827 3135 VIII
847 3075 885 3132 14
901 3093 937 3132 66.
957 3073 994 3133 (16
1012 3082 1164 3153 separatae
1182 3094 1200 3133 a

111 3180 144 3220 se
165 3159 284 3239 puellae
305 3161 383 3218 tristi
409 3159 566 3219 solitudine
592 3160 737 3238 praedicit
763 3166 850 3237 poeta
870 3158 1053 3218 intellectum
1078 3159 1199 3231 habent,

109 3247 169 3305 nisi
187 3244 226 3304 ad
243 3244 397 3304 mulierem
410 3245 489 3304 vitae
506 3244 679 3304 condicione
693 3245 951 3323 circumscriptam,
971 3246 1018 3302 cui
1036 3261 1096 3305 non·
1112 3247 1200 3304 scorti

110 3333 204 3390 instar
226 3332 331 3409 quovis
353 3330 492 3407 temporie
514 3337 661 3389 momento
684 3331 778 3388 cuivis
801 3329 853 3388 alii
875 3348 938 3389 6666
961 3329 1068 3389 dedere
1089 3330 1199 3402 liceret,

110 3418 201 3475 missa
224 3435 287 3475 esse
309 3417 523 3474 existimantur.
560 3415 666 3495 quodsi
683 3417 749 3493 quis
770 3417 827 3473 iste
850 3413 911 3473 ‘oui
932 3414 1080 3475 videberis
1101 3414 1201 3474 bella?

111 3499 208 3573 Quem
221 3520 301 3559 nunc
315 3498 448 3560 amabis?
466 3501 549 3560 cuius
562 3519 626 3560 esse
640 3499 779 3560 dicerisP‘
799 3508 829 3559 61
841 3499 949 3558 similia
962 3511 1072 3578 nuptae
1085 3500 1202 3559 mulieri

112 3585 172 3643 dici
190 3588 319 3658 miratur,
338 3606 399 3645 non
418 3584 511 3644 estid
531 3589 639 3644 mirum
656 3592 811 3664 propterea
824 3587 895 3665 (1616
908 3585 1043 3645 Catullus
1061 3587 1201 3643 maritum

110 3669 238 3729 Lesbiae
260 3673 380 3730 omnino
402 3690 463 3729 non
485 3679 629 3745 numerat,
656 3673 765 3751 quippe
788 3689 876 3751 quem
898 3669 936 3730 ab
958 3670 1011 3728 illa
1032 3690 1093 3729 non
1115 3669 1202 3746 diligi

111 3765 164 3814 aut
189 3757 306 3814 noverit
332 3763 383 3814 aut
412 3776 465 3833 pro
496 3764 574 3816 certo
602 3755 717 3816 habeat.
758 3775 846 3834 quem
872 3761 982 3834 quanto
1014 3774 1102 3833 opere
1133 3773 1201 3812 con-

110 3842 264 3918 tempserit
281 3861 304 3899 c.
318 3840 492 3899 LXXXIII
508 3841 659 3919 patefacit,
677 3841 730 3900 ubi
749 3840 889 3898 ‘fatuum'
904 3847 934 3898 et
948 3839 1087 3898 ‘mulum’
1105 3847 1200 3897 vocat.

111 3945 171 3983 non
188 3945 326 3984 veremur
347 3929 427 3984 enim
448 3945 487 3985 ne
504 3929 570 4006 quis
593 3947 660 3985 curn
676 3926 716 3985 A.
734 3926 835 3984 Riesio
858 3925 955 3984 annal.
977 3923 1079 4002 philol
1098 3930 1118 3982 t.
1138 3922 1200 3999 OV,

111 4031 140 4088 p.
165 4010 225 4068 753
250 4011 373 4069 ‘virum’
396 4011 524 4071 Lesbiae
545 4013 578 4070 in
603 4011 659 4070 hoc
685 4013 832 4090 poematia
856 4018 1114 4069 commemoratum
1139 4030 1202 4069 non

113 4097 270 4173 coniugem
292 4097 363 4169 eius,
392 4096 444 4156 sed
465 4099 564 4156 nescio
587 4115 675 4177 quem
697 4098 825 4174 priorem
852 4101 1012 4154 amatorem
1037 4094 1200 4172 intellegat

110 4198 189 4259 (1666
215 4183 314 4260 opinio
342 4202 431 4261 quam
458 4201 597 4261 perversa
618 4183 669 4256 sit,
696 4181 740 4256 id,
767 4189 801 4240 ut
826 4179 886 4239 alia
907 4181 1034 4254 mittam,
1062 4183 1201 4240 66661616
