2976 5004
348 313 392 382 52
776 325 948 384 curuum

348 450 516 516 iustificam
533 449 626 514 nobis
643 458 783 517 mentem
801 458 944 516 avertere
961 449 1104 516 deorum.

348 565 448 626 quare
465 565 524 609 nec
542 543 614 608 talis
633 543 804 629 dignantur
821 543 923 609 visere
941 553 1061 622 coetus,

348 659 408 703 noc
426 660 461 704 se
479 636 621 722 contingi
637 636 802 722 patiuntur
818 636 940 703 lumine
956 637 1053 703 claro.

800 1077 912 1142 LXV.

392 1196 464 1262 Etsi
480 1220 532 1263 ma
551 1197 685 1262 adsiduo
702 1196 883 1262 confectum
900 1218 977 1261 cura
995 1196 1102 1262 dolore

435 1301 563 1356 sevocat
581 1314 600 1355 a
621 1291 732 1367 doctis,
751 1289 874 1366 Ortale,
892 1289 1079 1376 virginibus,

391 1407 451 1450 nec
468 1385 550 1468 potis
569 1396 617 1449 est
633 1384 735 1449 dulcis
752 1406 916 1448 musarum
932 1405 1117 1469 expromere
1134 1384 1220 1451 fetus

434 1500 524 1543 mens
542 1477 640 1544 animi
656 1514 699 1524 —
716 1477 812 1542 tantis
829 1478 963 1543 fluctuat
978 1478 1049 1562 ipsa
1066 1479 1171 1542 malis:

315 1585 334 1640 5
393 1593 533 1654 namque
551 1571 614 1636 mei
631 1592 734 1656 nuper
751 1570 895 1637 Lethaeo
912 1571 1039 1656 gurgite
1056 1571 1163 1636 fratris

435 1665 623 1749 pallidulum
641 1688 774 1730 manans
792 1665 891 1730 adluit
909 1665 996 1729 unda
1013 1665 1138 1750 pedem,

392 1757 489 1824 Troia
506 1758 653 1824 Rhoeteo
669 1779 765 1841 quem
783 1758 892 1824 subter
908 1759 999 1824 litore
1017 1759 1109 1824 tellus

435 1862 578 1938 ereptum
596 1852 711 1917 nostris
729 1852 846 1917 obterit
862 1875 902 1917 ex
920 1853 1030 1918 oculis.

299 2053 334 2108 10
436 2062 611 2123 numquam
629 2061 690 2125 ego
708 2051 751 2117 te,
768 2039 836 2105 vita
852 2039 950 2105 frater
967 2040 1141 2116 amabilior,

393 2134 565 2220 adspiciam
583 2133 726 2220 posthac.
771 2143 803 2198 at
821 2144 906 2199 certe
924 2156 1049 2220 semper
1066 2135 1191 2211 amabo,

435 2251 560 2314 semper
576 2239 698 2294 maesta
714 2240 770 2292 tua
788 2227 928 2293 carmina
944 2239 1046 2308 morte
1063 2250 1187 2304 canam,

393 2321 500 2407 qualia
517 2322 578 2385 sub
596 2321 702 2387 densis
719 2343 880 2386 ramorum
898 2321 1036 2386 concinit
1051 2321 1172 2386 umbris

436 2415 572 2480 Daulias
590 2416 750 2501 absumpti
767 2414 834 2480 fata
850 2437 981 2500 gemens
999 2416 1076 2501 Ityli
1093 2452 1136 2462 —

301 2520 334 2575 15
394 2510 451 2574 sed
469 2519 575 2574 tamen
592 2508 626 2574 in
644 2509 739 2573 tantis
758 2510 963 2585 maeroribus,
982 2508 1104 2587 Ortale,
1122 2509 1213 2574 mitto

436 2602 515 2667 haec
533 2625 683 2688 expressa
700 2602 758 2666 tibi
775 2603 916 2668 carmina
932 2604 1111 2680 Battiadae,

392 2718 434 2760 ne
452 2705 507 2759 tua
524 2695 608 2761 dicta
626 2695 717 2780 vagis
734 2696 928 2780 nequiquam
946 2697 1066 2761 credita
1083 2695 1184 2761 ventis

436 2788 597 2854 effluxisse
616 2811 686 2854 meo
703 2789 786 2854 forte
804 2801 896 2873 putes
915 2789 1031 2865 animo,

393 2893 431 2948 ut
447 2883 578 2948 missum
597 2882 705 2968 sponsi
722 2882 840 2948 furtivo
857 2903 989 2947 munere
1007 2883 1126 2948 malurn

300 2987 336 3042 20
436 2978 593 3062 procurrit
610 2989 698 3042 casto
715 2976 845 3061 virginis
864 2999 881 3040 e
900 2977 1031 3062 gremio,

394 3071 480 3156 quod
498 3071 630 3136 miserae
647 3070 764 3135 oblitae
781 3070 869 3134 molli
886 3071 946 3134 sub
964 3081 1052 3136 veste
1068 3069 1218 3147 locatum,

438 3165 517 3228 dum
533 3165 672 3230 adventu
689 3164 797 3229 matris
815 3164 947 3250 prosilit,
965 3164 1136 3229 excutitur:

394 3269 490 3342 atque
507 3257 586 3324 illud
603 3279 702 3343 prono
720 3280 872 3343 praeceps
889 3258 995 3344 agitur
1011 3259 1159 3336 decursu,

318 3421 323 3426 ,
437 3351 511 3417 huic
528 3363 637 3418 manat
653 3351 734 3418 tristi
751 3352 895 3418 conscius
913 3373 967 3418 ore
983 3352 1090 3418 rubor.

776 3583 944 3592 -———*-—-

796 3792 925 3860 LXVI.

349 3909 470 3977 Omnia
486 3909 542 3996 qui
559 3910 669 3998 magni
687 3910 825 3997 dispexit
840 3911 962 3977 lumina
977 3912 1098 3990 mundi,

391 4005 448 4090 qni
465 4005 627 4070 stellarum
645 4015 733 4070 ortus
751 4006 903 4091 comperit
921 4015 1016 4090 atque
1034 4005 1150 4088 obitus,

347 4100 513 4165 flammeus
531 4108 568 4164 ut
585 4097 688 4184 rapidi
706 4097 782 4164 solis
798 4099 884 4164 nitor
900 4099 1099 4177 obscuretur,
