2976 5004
595 381 711 439 LIBER

186 503 242 570 sed
260 527 341 589 quae
356 527 393 571 se
410 505 524 592 inpuro
543 506 630 572 dedit
650 506 815 584 adulterio,

134 598 226 662 illius
244 622 264 663 a
281 601 364 664 mala
382 600 466 664 dona
483 600 562 665 levis
581 601 670 665 bibat
686 601 780 665 inrita
797 599 916 686 pulvis:

185 714 322 775 namque
340 715 400 779 ego
418 694 460 758 ab
477 694 615 782 indignis
632 695 774 780 praemia
792 695 879 759 nulla
897 703 980 779 pelo.

137 786 200 850 sed
218 787 330 872 magis,
349 809 368 851 ο
386 798 515 873 nuptae,
534 811 659 874 semper
676 789 845 854 concordia
862 799 994 867 vostras,

187 902 312 964 semper
329 903 418 945 amor
435 882 526 947 sedes
544 883 662 946 incolat
680 882 841 946 adsiduus.

137 981 179 1035 tu
197 995 281 1050 vero,
300 975 420 1059 regina,
441 985 533 1040 tuens
551 997 624 1041 cum
642 975 746 1040 sidera
763 975 871 1039 divam

185 1067 327 1151 placabis
344 1069 433 1133 festis
451 1069 623 1134 luminibus
641 1070 812 1144 Venerem,

139 1161 293 1244 unguinis
312 1174 474 1247 expertem
492 1184 555 1228 non
573 1162 643 1228 siris
661 1185 730 1228 esse
749 1173 837 1227 tuam
854 1183 916 1238 me,

187 1256 244 1320 sed
261 1256 366 1341 potius
384 1258 481 1342 largis
499 1259 600 1322 adfice
618 1257 812 1321 muneribus.
870 1313 871 1320 ,

139 1349 248 1414 sidera
264 1354 281 1430 †
300 1373 356 1415 cur
372 1352 495 1416 iterent„
539 1353 660 1416 utinam
679 1373 770 1415 coma
787 1351 876 1435 regia
893 1351 982 1415 fiam:

186 1445 349 1529 proximus
367 1445 541 1531 hydrochoi
559 1447 696 1532 fulgeret
715 1443 846 1510 Oarion.

570 1673 740 1688 —-—=-——n

584 1887 732 1954 LXVII.

142 2003 177 2068 Ο
197 2005 282 2070 dulci
299 2005 439 2069 iucunda
455 2005 533 2081 viro,
550 2005 690 2070 iucunda
707 2005 840 2091 parenti,

188 2100 285 2175 salve,
303 2110 397 2182 teque
416 2099 500 2162 bona
516 2099 661 2184 Iuppiter
678 2110 785 2170 auctet
801 2121 873 2184 ope,

142 2192 249 2268 ianua,
268 2214 364 2276 quam
382 2193 487 2256 Balbo
504 2193 614 2257 dicunt
632 2193 766 2258 servisse
784 2192 922 2278 benigne

188 2287 273 2364 olim,
292 2309 364 2351 cum
383 2287 474 2351 sedes
492 2287 561 2372 ipse
579 2309 676 2352 senex
694 2287 805 2363 tenuit,

142 2403 305 2465 quamque
323 2382 430 2446 ferunt
446 2403 554 2445 rursus
571 2392 646 2445 nato
665 2381 798 2446 servisse
816 2379 965 2466 maligne,

189 2486 357 2560 postquam
375 2498 409 2539 es
427 2487 571 2560 porrecto
589 2476 675 2540 facta
693 2476 806 2540 marita
824 2496 910 2551 sene,

144 2569 197 2634 dic
215 2570 351 2654 agedum
370 2565 471 2646 nobis,
491 2579 728 2652 quare-mutata
746 2568 856 2634 feraris
948 2586 950 2591 ’

188 2663 221 2726 in
239 2663 402 2727 dominum
419 2673 559 2728 veterem
577 2663 753 2728 deseruisse
770 2663 876 2727 fidem.

145 2765 234 2833 ‘non‚
252 2757 298 2820 ita
316 2755 457 2821 Caecilio
476 2757 630 2841 placeam,
649 2757 700 2822 cui
719 2756 834 2820 tradita
851 2776 937 2819 nunc
955 2778 1035 2829 sum,
1090 2822 1093 2828 ,

190 2851 284 2936 culpa
301 2874 372 2915 mea
390 2863 446 2926 est,
465 2872 657 2934 quamquam
676 2851 791 2914 dicitur
809 2872 877 2914 esse
895 2872 977 2924 mea,
1186 2867 1222 2922 10

148 2969 205 3010 nec
223 2956 388 3030 peccatum
407 2968 426 3008 a
443 2967 494 3009 me
513 2945 682 3027 quisquam
700 2954 774 3029 pote
793 2944 897 3007 dicere
915 2943 1102 3026 quicquam:

190 3062 301 3104 verum
318 3038 404 3108 istud
421 3038 529 3123 populi
548 3059 630 3104 vana
647 3037 785 3120 loquella
802 3036 888 3112 facit,

146 3135 212 3218 qui,
231 3155 431 3217 quacumque
450 3133 570 3215 aliquid
588 3134 742 3218 reperitur
759 3154 823 3195 non
842 3130 1071 3206 benefactum,

190 3228 231 3292 ad
248 3250 299 3292 mc
317 3249 425 3292 omnes
444 3227 580 3290 clamant
599 3227 718 3303 ‘ianua
737 3226 832 3309 culpa
849 3223 965 3289 tuast.”

148 3345 211 3386 non
228 3322 310 3386 istuc
327 3321 403 3386 satis
421 3331 469 3385 est
485 3343 549 3384 uno
568 3330 598 3384 te
616 3320 721 3384 dicere
739 3319 846 3392 verbo,

190 3415 247 3480 sed
264 3415 369 3479 facere
386 3424 422 3477 ut
439 3413 543 3495 quivis
562 3413 675 3477 sentiat
694 3423 725 3477 et
743 3412 858 3476 videat.

148 3510 217 3592 ‘qui
235 3508 383 3594 possum?
400 3529 493 3592 nemo
512 3507 635 3590 quaerit
651 3528 709 3571 nec
727 3505 806 3569 scire
823 3501 967 3570 laborat.'

189 3625 247 3668 nos
266 3603 426 3666 volumus:
445 3600 537 3665 nobis
555 3601 659 3664 dicere
677 3623 717 3664 ne
735 3599 855 3663 dubita.

148 3698 298 3783 ‘primum
316 3697 422 3781 igitur,
442 3696 531 3780 virgo
550 3695 635 3778 quod
653 3693 753 3759 fertur
771 3694 885 3758 tradita
902 3693 1004 3770 nobis,

189 3793 306 3856 falsum
323 3800 380 3855 est.
423 3813 488 3854 non
505 3790 560 3872 qui
577 3790 663 3853 illam
681 3790 730 3853 vir
746 3789 832 3874 prior
848 3788 995 3874 attigerit,
1184 3801 1222 3856 20

148 3885 327 3974 languidior
343 3896 451 3949 tenera
469 3884 520 3948 cui
538 3884 680 3968 pendens
699 3883 799 3948 sicula
818 3883 890 3946 beta

189 4000 363 4061 numquam
382 4001 415 4042 sc
432 3977 570 4042 mediam
587 3977 713 4040 sustulit
731 3977 773 4040 ad
790 3977 943 4040 tunicam:

149 4073 204 4139 scd
221 4082 312 4158 pater
328 4071 412 4136 illius
429 4071 518 4155 gnati
536 4071 670 4135 violasse
688 4069 791 4135 cubile

190 4165 304 4230 dicitur
321 4174 353 4229 et
371 4164 517 4228 miseram
534 4164 764 4229 conscelerasse
783 4161 923 4238 domum,

333 4345 392 4436 lli
410 4376 462 4436 u}
472 4393 487 4453 J
