2954 4990
507 387 743 431 reomaenses.
1102 387 1169 430 xm

74 510 172 570 Ienae
189 529 214 568 a
235 509 318 568 1874
336 507 482 568 editorum
500 510 596 586 capite
612 509 716 588 primo,
740 505 864 566 Carolus
881 504 994 566 Paulus
1011 503 1167 566 Schulzins

74 598 112 653 in
130 592 227 653 annal.
247 593 381 653 scholast.
400 593 582 652 Berolinens.
600 600 620 650 t.
638 592 790 665 XXVIII,
813 611 840 670 p.
860 592 921 649 699
937 610 983 664 ss,
1007 593 1059 670 qui
1079 591 1167 652 ambo

76 681 175 739 Riesii
191 681 321 738 maxime
335 680 619 756 argumentationem
636 696 707 737 sane
723 676 906 736 levissimam
917 679 1167 755 inpugnaverunt,

75 763 235 824 Robinson
243 763 367 822 Ellisius
376 766 408 823 in
418 763 632 842 prolegomenis
642 763 844 822 commentarii
853 761 1015 822 Catulliani
1024 761 1167 839 pLVss,

75 850 188 908 Munro
206 851 239 907 in
254 849 329 908 libro
349 848 515 908 ‘criticisms
533 847 593 906 end
606 846 814 907 elucidations'
824 848 926 926 11194
935 866 971 906 11.
987 845 1064 907 conf.
1079 848 1169 906 etiam

75 934 119 993 Η.
139 935 269 1011 Magnus
287 934 385 993 annal.
408 933 509 1012 philol.
527 940 547 991 t
567 931 684 1006 CXIII,
706 953 738 1012 p.
753 933 814 991 402
828 952 865 992 ss.
887 940 918 992 et
933 931 984 991 Fr.
1003 931 1168 991 Schoellius

74 1019 152 1079 ibid.
175 1026 196 1077 t.
215 1018 329 1092 CXXI,
351 1039 379 1098 p.
398 1019 469 1079 482.
505 1020 566 1077 iam
588 1020 669 1076 omni
689 1019 847 1094 nugatorio
869 1016 1040 1096 disputandi
1061 1035 1169 1094 genere

75 1103 184 1183 procul
196 1103 297 1163 habito
312 1122 348 1164 ea
361 1111 535 1182 argumenta
548 1122 748 1181 conponamus
761 1121 838 1182 quae
852 1101 894 1161 ad
906 1101 1078 1161 solvendam
1091 1102 1169 1168 hanc

74 1191 284 1268 quaestionem
308 1191 340 1248 in
365 1190 468 1267 primis
494 1195 564 1266 apta
589 1205 653 1248 esse
679 1205 842 1248 censemus.
875 1185 1004 1246 vidimus
1027 1187 1168 1247 Lesbiam

77 1273 194 1333 Catulli
210 1273 364 1332 mulierem
381 1280 505 1352 nuptam
523 1281 612 1352 atque
628 1271 759 1331 nobilem
780 1271 881 1344 fuisse,
903 1270 1088 1351 eandemque
1104 1271 1170 1351 pul·

76 1359 182 1418 chram
209 1366 239 1417 et
263 1358 403 1431 facetam,
435 1356 488 1416 sed
513 1377 590 1436 quaa
616 1358 758 1418 effrenata
781 1355 909 1416 libidine
935 1375 1076 1434 praeceps
1102 1365 1170 1415 actu

75 1443 236 1523 paullatim
258 1441 297 1500 ad
318 1444 406 1501 scorti
427 1442 560 1519 vulgaris
580 1443 789 1519 indignitatem
806 1440 1001 1501 delaberetur.
1035 1442 1169 1500 cuicum

75 1548 185 1587 verum
201 1545 310 1586 nomen
331 1534 405 1586 teste
422 1526 550 1607 Apuleio
572 1526 661 1587 fuerit
679 1525 814 1598 Clodiae,
838 1527 865 1585 si
885 1525 1019 1585 eiusdem
1040 1528 1169 1585 nominis

75 1613 235 1672 mulierem
250 1619 356 1690 poetae
373 1612 527 1691 aequalem
544 1613 680 1671 novimus
697 1614 730 1670 in
747 1631 837 1690 quam
852 1613 911 1670 ista
928 1613 1028 1669 omnia
1049 1631 1168 1670 accura-

75 1699 193 1757 tissIme
214 1695 367 1776 quadrent,
394 1697 472 1770 binc
499 1699 558 1756 nisi
580 1696 640 1756 alia
665 1705 841 1774 argumenta
860 1696 987 1769 obstant,
1013 1704 1169 1776 utramque

76 1803 171 1842 unam
193 1781 378 1862 eandemque
403 1801 468 1843 esse
489 1784 553 1842 iure
578 1790 677 1841 nostro
704 1799 819 1841 sumere
843 1800 1008 1859 possumus.
1045 1781 1168 1841 Clodiae

77 1876 180 1927 autem
197 1866 425 1947 quadrantariae
446 1869 603 1944 originem,
627 1866 844 1940 condicionem,
867 1867 1004 1939 formam,
1027 1866 1167 1939 indolem,

77 1971 177 2012 mores
197 1953 287 2031 plane
308 1952 485 2031 respondere
507 1955 548 2012 eis
570 1971 647 2032 quae
669 1952 706 2012 de
722 1951 833 2011 Lesbia
854 1971 894 2011 ex
914 1951 1093 2012 carminibus
1112 1951 1169 2011 Ca-

76 2038 214 2097 tullianis
242 2039 371 2097 eruimus
397 2039 463 2116 quis
491 2046 535 2097 est
560 2039 612 2117 qui
642 2037 753 2096 infitias
784 2035 852 2096 eat?
882 2038 989 2095 scimus
1020 2035 1104 2094 illam
1129 2056 1168 2097 ex

77 2125 286 2202 antiquissima
311 2130 341 2181 et
368 2122 553 2182 nobilissima
583 2129 672 2199 gente
698 2120 892 2181 Claudiorum
919 2122 1044 2200 patricia
1075 2127 1169 2180 ortam

78 2207 118 2281 Q.
134 2207 263 2267 Caecilio
281 2206 402 2267 Metello
417 2207 520 2280 Celeri,
538 2208 666 2286 praetori
683 2227 710 2265 1.
726 2201 849 2282 691163,
869 2204 983 2264 consuli
1000 2200 1167 2282 1694160,

77 2295 247 2373 propinquo
266 2312 327 2364 suo,
349 2301 474 2371 nuptam
491 2292 591 2352 fuisse.
625 2291 705 2372 quod
725 2293 945 2351 matrimonium
966 2309 1072 2369 parum
1093 2290 1173 2350 felix

77 2378 173 2437 fuisse
192 2377 295 2438 Cicero
313 2385 414 2436 auctor
436 2386 492 2451 est,
515 2379 623 2456 quiec
645 2379 709 2455 ipso
732 2394 890 2456 annoque
905 2375 1042 2436 Metellus
1065 2375 1169 2436 consul

78 2472 144 2524 erat
165 2462 205 2521 ad
224 2461 358 2522 Atticum
379 2463 413 2521 II
438 2465 453 2520 1
478 2464 496 2521 5
520 2461 657 2522 Clodiam
680 2461 849 2522 seditiosam
870 2479 935 2521 esse
956 2467 986 2520 et
1011 2480 1080 2520 cum
1103 2462 1168 2520 viro

76 2547 191 2608 bellum
209 2567 312 2625 gerere
330 2547 438 2606 scribit.
474 2547 636 2627 eademque
657 2548 690 2606 in
711 2547 839 2626 epistula
856 2566 947 2626 quam
967 2546 1168 2606 inverecunde

78 2652 149 2693 cum
165 2633 200 2692 P.
219 2631 324 2694 Clodio
343 2632 380 2692 de
397 2652 433 2692 ea
454 2635 566 2694 iocatus
589 2634 628 2692 sit
648 2640 757 2691 narret.
791 2652 862 2691 nam
883 2651 951 2690 cum
972 2630 1024 2690 ille
1047 2639 1167 2710 questus

78 2725 158 2777 esset
174 2717 254 2796 quod
271 2738 360 2790 soror,
383 2736 460 2796 quse
476 2725 592 2778 tantum
609 2717 731 2778 haberet
752 2720 785 2776 in
807 2715 982 2795 spectaculis
1004 2716 1167 2776 consularis

77 2803 147 2875 loci,
173 2822 265 2861 unum
287 2803 343 2862 sibi
366 2803 460 2862 solnm
481 2803 587 2882 pedem
613 2803 706 2877 daret,
733 2802 831 2876 ‘noli',
857 2803 955 2881 inquit
977 2799 1090 2876 Cicero,
1117 2800 1169 2860 ‘de

77 2907 140 2947 uno
161 2887 238 2966 pede
260 2888 368 2946 sororis
385 2890 482 2966 queri;
505 2888 573 2948 licet
594 2890 684 2948 etiam
704 2887 830 2948 alterum
851 2885 955 2946 tollas.'
991 2885 1071 2964 quod
1094 2885 1168 2945 ‘non

77 2971 250 3033 consulare'
268 2971 379 3030 dictum
397 2972 572 3032 documento
591 2991 655 3032 esse
677 2980 773 3051 potest
791 2971 928 3031 Clodiam
944 2973 1004 3028 iam
1021 2969 1074 3029 illo
1095 2976 1169 3029 tem·

77 3073 152 3136 pore
177 3055 257 3114 fama
282 3055 364 3114 haud
389 3058 504 3116 sincera
528 3057 627 3117 fnisse.
665 3058 780 3136 itaque,
807 3072 875 3114 eum
895 3074 975 3114 anno
1000 3056 1171 3135 insequenti

77 3139 220 3201 Metellus
245 3144 400 3219 repentina
425 3149 519 3201 morte
543 3142 716 3221 absumptus
742 3149 830 3214 esset,
857 3139 944 3199 facile
971 3158 1043 3199 sane
1067 3160 1168 3199 rumor

78 3229 207 3287 existere
222 3227 319 3304 potuit
336 3244 405 3284 eum
422 3225 460 3284 ab
477 3245 570 3286 uxore
586 3245 702 3287 veneno
720 3232 858 3285 necatum
874 3244 945 3284 esse.
972 3232 1050 3285 certe
1064 3224 1168 3286 Cicero

78 3315 112 3371 in
134 3313 267 3371 oratione
287 3330 341 3389 pro
358 3311 399 3368 M.
420 3309 523 3370 Caelio
544 3310 623 3371 Rufo
645 3310 747 3370 habita
769 3309 786 3386 ἓ
805 3311 846 3369 60
867 3309 900 3370 id
920 3309 1067 3388 flagitium
1087 3310 1170 3370 haud

78 3398 204 3457 obscure
225 3395 419 3474 significavit,
442 3398 598 3477 ipsumque
619 3395 763 3468 Caelium,
790 3416 858 3456 cum
878 3398 911 3455 in
932 3395 1044 3455 iudicio
1066 3405 1170 3456 contra

80 3481 261 3541 calumniam
279 3480 402 3541 Clodiae
419 3499 450 3540 11
469 3480 648 3556 defenderet,
668 3501 734 3542 eam
752 3480 1170 3562 ι1111111111111111111(111111111-

80 3566 224 3627 nestram'
245 3586 369 3627 vocasse
390 3565 570 3640 Quintiliani
590 3569 622 3626 in
645 3570 714 3628 inst.
735 3587 778 3626 or.
800 3567 881 3628 VIII
899 3568 917 3625 6
937 3567 977 3626 53
1000 3568 1172 3627 testimonio

79 3660 203 3711 constat.
230 3659 260 3710 at
278 3655 357 3712 enim
375 3671 463 3711 cansa
480 3651 554 3712 haec
567 3651 710 3712 Caeliana
727 3672 806 3712 anno
825 3652 943 3713 demum
957 3647 1082 3729 698156,
1099 3652 1169 3712 h..e.

79 3737 173 3796 tribus
201 3737 287 3796 annis
313 3744 380 3816 post
401 3737 514 3798 obitum
540 3738 666 3811 Metelli,
697 3745 767 3797 acta
792 3744 848 3810 est,
879 3744 968 3796 antea
993 3744 1092 3796 autem
1117 3736 1174 3814 qui

81 3824 278 3902 suspicionem
295 3823 382 3882 istam
400 3825 527 3882 moverit
542 3824 858 3883 neminemnovimus.
893 3840 991 3900 neque
1007 3839 1078 3881 vero
1097 3819 1170 3880 Cae·

79 3905 138 3966 lius
155 3927 174 3966 a
190 3906 342 3967 veneficae
359 3909 499 3967 nimirum
519 3908 650 3968 mulieris
673 3927 771 3967 amore
789 3907 988 3979 abhorruerat,
1012 3924 1082 3966 nem
1105 3905 1169 3965 eius

81 4011 149 4050 cum
163 3991 269 4052 Clodia
282 3992 513 4053 familiaritatem
529 3996 607 4054 inter
620 4013 713 4052 annos
729 3987 842 4071 695159
857 4000 887 4051 11
902 3985 1015 4070 697151
1030 3991 1171 4050 maxime-

80 4095 139 4155 que
157 4080 189 4136 in
207 4097 318 4137 annum
338 4073 453 4158 696158
472 4078 577 4139 cadere
595 4077 768 4139 Schwabius
786 4097 837 4156 qu.
850 4076 915 4136 Cat
933 4076 1172 4154 1611111111-

79 4164 155 4222 sime
174 4165 284 4224 statuit.
311 4163 369 4223 huc
386 4162 501 4224 accedit
517 4163 606 4244 quod,
624 4166 650 4223 si
667 4162 773 4225 Clodia
789 4160 939 4222 interfecti
954 4179 1007 4240 per
1022 4179 1174 4222 venenum

135 4258 232 4300 0111111111
982 4260 1002 4300 Β
