2968 4990
635 394 814 438 Anuorarro
837 394 959 438 omarus

452 1067 828 1153 ADNOTATIO
877 1069 1145 1157 ORITIOA.

255 1355 283 1406 V
295 1380 327 1398 =
340 1369 487 1407 consensus
499 1353 630 1407 librorum
643 1351 670 1406 G
682 1356 710 1406 et
722 1351 745 1407 Ο
757 1380 792 1400 --
803 1353 890 1408 codex
901 1353 1069 1408 Veronensis
1080 1371 1153 1410 nunc
1164 1354 1291 1411 amissus

256 1421 284 1476 G
295 1448 328 1466 =
340 1422 426 1476 codex
438 1420 689 1492 sangermanensis.

257 1490 281 1544 Ο
292 1518 327 1538 =
339 1491 425 1543 codex
437 1489 608 1544 Oxoniensis.

256 1573 274 1623 ς
290 1586 325 1604 =
337 1557 447 1611 codices
459 1557 624 1611 recentiores
636 1556 672 1608 ab
684 1555 762 1608 Italis
774 1555 940 1625 interpolati,
953 1573 1067 1626 quorum
1078 1575 1149 1611 unus
1159 1563 1199 1612 est
1207 1558 1235 1611 D
1243 1581 1277 1600 =
1285 1560 1354 1615 Da-

323 1631 412 1692 tanus,
430 1624 500 1678 alius
519 1624 544 1676 L
556 1651 590 1670 =
601 1624 672 1676 liber
692 1623 757 1676 olim
775 1623 919 1678 Laurentii
937 1624 1071 1693 Santenii,
1092 1641 1160 1694 quos
1181 1627 1248 1680 duos
1269 1645 1352 1684 nunc

324 1692 514 1745 Berolinenses
526 1691 720 1745 Lachmannus
732 1692 768 1744 ad
779 1697 883 1744 textum
895 1693 1115 1746 constituendum
1127 1695 1261 1751 admouit

255 1761 281 1814 Τ
294 1787 327 1806 =
340 1761 425 1812 codex
437 1760 595 1812 Thnanens.

324 1827 457 1882 Omnibus
469 1828 536 1881 locis
552 1827 600 1879 ubi
617 1826 728 1880 nomina
738 1827 919 1895 Lachmanni,
938 1827 1064 1898 Hauptii,
1080 1829 1170 1881 Ellisii
1182 1830 1351 1898 simpliciter

255 1895 418 1950 adferuntur
433 1896 581 1948 tenendum
599 1901 640 1949 est
652 1895 801 1949 editionem
812 1896 1064 1950 Lachmannicnam
1081 1897 1206 1966 primam,
1224 1898 1350 1970 Hauptii

254 1964 374 2032 tertiam,
387 1963 476 2016 Ellisii
489 1965 605 2017 alteram
616 1962 749 2034 intellegi.

313 2211 366 2271 19
391 2213 586 2285 qualecumque
612 2219 666 2281 tuo,
688 2220 820 2285 patrone,
846 2211 928 2266 veclo
955 2209 1033 2270 Gnil.
1056 2209 1243 2270 Froehnerus
1268 2231 1348 2271 mus,

253 2295 351 2356 Rhen.
370 2295 453 2354 XIII
472 2296 542 2368 148,
562 2298 613 2372 qui
630 2304 783 2373 praeterea
798 2315 828 2353 v.
848 2295 866 2352 8
885 2296 997 2352 libellict
1018 2294 1113 2354 voluit
1136 2297 1200 2354 sine
1217 2300 1348 2356 necessi-

254 2388 323 2439 tate.
351 2383 715 2455 qualecumque-maneat
728 2378 838 2438 dictum
856 2399 909 2457 pro
924 2381 1006 2454 quod,
1026 2384 1221 2454 qualecumque
1238 2391 1348 2453 eat,—

254 2474 375 2534 maueat‚
399 2484 474 2543 quac
495 2462 731 2542 breviloquentia
752 2464 827 2522 nihil
850 2464 1018 2523 offensionis
1040 2465 1137 2525 habet.
1174 2464 1250 2524 conf.
1269 2466 1348 2525 Tac.

255 2569 324 2608 ann.
347 2547 425 2606 XIV
443 2549 516 2606 ὅδε.
540 2550 580 2605 in.
625 2551 821 2623 qualecumque
847 2551 922 2623 quod
941 2559 1068 2625 patrona
1094 2553 1172 2623 airqo
1198 2549 1235 2622 V,
1262 2551 1346 2629 quod

256 2636 341 2710 signo
370 2635 464 2692 crucis
490 2631 624 2710 adposito
650 2635 771 2691 retinuit
796 2633 953 2712 Hauptius.
998 2654 1043 2708 qu.
1068 2637 1194 2724 quodqo
1217 2646 1349 2710 patrona

255 2722 334 2793 virqo
356 2717 446 2794 vulgo
470 2716 507 2777 de
530 2718 698 2776 coniectura
714 2717 866 2777 Italorum.
908 2718 960 2777 sed
978 2737 1050 2778 cave
1068 2738 1106 2778 ne
1124 2739 1158 2778 eo
1176 2718 1264 2779 modo
1282 2741 1346 2780 ma·

255 2823 327 2863 num
347 2801 458 2862 Catulli
475 2804 638 2861 restitutam
655 2811 747 2880 putes.
788 2823 865 2883 quae
882 2806 962 2862 enim
978 2806 1036 2862 ista
1053 2813 1178 2881 patrona
1195 2807 1280 2882 virgo
1297 2807 1344 2864 in-

255 2888 425 2966 tellegenda
448 2889 486 2945 sit
506 2887 596 2967 plane
613 2889 769 2946 obscurum
786 2896 837 2960 est,
860 2888 1028 2967 nulliusque
1047 2889 1120 2948 deae
1137 2890 1286 2948 invocatio
1304 2891 1345 2950 ab

256 2974 344 3033 huius
363 2975 499 3033 carminis
516 2973 630 3032 ratione
647 2992 708 3032 non
726 2974 870 3033 abhorret.
897 2993 967 3031 nam
985 2972 1063 3052 quod
1081 2973 1253 3033 Schwsbius
1272 2995 1344 3033 ann.

256 3058 357 3138 philol.
382 3058 504 3118 0an
521 3058 582 3116 258
597 3078 618 3117 s.
643 3057 718 3116 dixit
739 3061 812 3131 ioco,
834 3078 895 3116 non
918 3060 993 3117 serio
1015 3059 1180 3117 Minervam
1201 3060 1344 3134 invocari,

257 3162 293 3203 aa
315 3144 474 3222 explicatio
496 3163 534 3203 ex
556 3145 618 3202 istis
640 3151 684 3202 est
706 3143 812 3222 quibus
836 3142 994 3202 defendere
1016 3146 1116 3201 omnia
1132 3143 1228 3203 liceat
1265 3153 1346 3204 certe

257 3230 283 3287 si
306 3238 439 3288 constare
461 3228 518 3287 sibi
540 3248 628 3307 quam
650 3229 775 3305 ineptire
797 3228 926 3287 malebat
947 3235 1042 3305 posta,
1066 3249 1132 3287 non·
1148 3237 1264 3306 poterat
1280 3250 1342 3288 non

256 3312 335 3371 hanc
357 3313 460 3371 efferre
487 3315 672 3372 sententiam:
702 3313 754 3385 ‘tn‚
783 3311 910 3384 Corneli,
935 3333 1030 3389 nugas
1054 3332 1135 3372 meas
1156 3315 1216 3373 iam
1238 3313 1287 3372 diu
1306 3315 1342 3373 in

256 3397 351 3475 pretio
373 3395 510 3454 habuisti.
545 3417 636 3476 quare
657 3417 736 3456 nunc
758 3399 858 3475 accipe
880 3397 958 3457 hunc
976 3397 1116 3470 libellum,
1139 3400 1190 3478 qui
1208 3400 1346 3479 quamvis

255 3481 396 3552 levissit,
419 3488 478 3553 tuo,
501 3480 654 3540 clarissimi
676 3501 773 3541 rerum
795 3483 954 3560 scriptoris,
977 3485 1140 3560 patrocinio
1163 3483 1280 3542 adiutus
1303 3483 1344 3542 ad

255 3566 456 3647 posteritatem
472 3565 643 3643 perveniat'.
679 3566 766 3625 huius
784 3571 948 3626 sententiae
965 3571 1169 3626 necessitatem
1183 3570 1271 3628 etiam
1290 3569 1344 3627 alii

255 3657 482 3730 perspexerunt,
509 3649 593 3709 velut
614 3650 752 3709 Handius
774 3660 885 3730 quaest.
911 3648 1018 3712 Catuli.
1040 3673 1067 3730 p.
1087 3655 1148 3725 3s.,
1172 3657 1225 3733 qui
1246 3653 1345 3732 Raph.

256 3736 401 3815 Eglinum
418 3745 535 3795 secutus
553 3737 668 3813 scripsit
686 3739 881 3812 qualecumque
898 3739 1015 3811 quidun,
1033 3747 1165 3812 patrone,
1186 3749 1294 3814 perte,
1313 3745 1346 3797 ct

256 3821 404 3898 Bergkius
425 3820 526 3900 philol.
545 3819 611 3879 XII
630 3819 689 3878 581
714 3841 760 3895 qu.
780 3824 887 3896 quidun
905 3831 956 3894 eet,
974 3825 1093 3898 patroni
1109 3833 1139 3882 ut
1161 3843 1226 3898 erqo
1243 3823 1344 3898 legen-

256 3907 327 3965 dnm
353 3925 483 3966 censens.
527 3925 630 3965 verum
656 3904 712 3964 hae
739 3910 922 3966 coniecturae
953 3908 985 3965 in
1014 3907 1192 3984 interpolata
1218 3908 1287 3966 libri
1313 3908 1344 3966 D

256 3995 400 4070 scriptura
418 3993 526 4066 quidem
542 3994 684 4050 nituntur.
717 4000 844 4051 ceterum
862 4013 922 4050 non
941 3990 978 4051 da
996 3990 1070 4052 deae
1086 3992 1219 4064 alicuius,
1237 3991 1289 4052 sed
1307 3992 1346 4052 de

255 4075 380 4154 Nepotis
398 4075 544 4154 praesidio
561 4076 610 4136 hic
626 4075 756 4135 locutum
774 4096 837 4136 esse
858 4085 977 4154 poetam
995 4079 1085 4136 etiam
1102 4080 1263 4136 imitatores
1281 4081 1346 4136 eius

255 4160 393 4238 produnt.
434 4161 550 4237 Mauro,
583 4165 631 4221 cni
653 4169 683 4221 et
707 4165 767 4241 ipsi
788 4161 825 4221 de
847 4161 974 4222 traditae
995 4162 1131 4222 lectionis
1152 4165 1346 4241 perversitate
