2968 4990
268 327 319 371 01v
695 326 922 371 reomaense

265 465 353 507 nemo
384 465 493 523 negare
523 453 619 526 potest
649 445 784 525 plurimis
812 444 1048 524 foedissiurisque
1073 445 1363 525 interpolationibus
1458 521 1459 526 ἵ

267 533 454 610 inquinatum
462 550 534 592 esse.
561 535 611 604 sic,
626 539 659 590 ut
672 551 768 610 pauca
781 529 909 608 exempli
923 529 1168 606 gratiaadferam,
1178 551 1201 590 a
1211 532 1327 593 XCV·
1344 537 1361 593 1
1458 533 1460 543 ‘

266 615 405 676 lacunam
422 620 523 695 inepto
546 615 746 675 additamento
764 617 869 673 laboris
890 614 997 693 explet,
1016 635 1040 673 c.
1060 615 1165 676 elul
1181 637 1236 695 pro
1254 619 1364 678 verbis

268 712 298 762 tu
316 721 376 760 eum
397 703 530 777 Tappone
547 700 599 759 dat
619 711 649 759 tu
667 710 765 758 cuneta
781 710 873 776 polee,
896 719 921 759 c.
938 699 1019 758 X13
1037 720 1090 778 pro
1108 711 1138 758 ut
1155 721 1223 760 rara
1239 703 1364 779 signifi·

269 788 384 846 catione
409 785 498 844 locali
523 793 662 863 usurpato
689 805 755 845 cum
780 785 929 864 plerisque
954 787 1117 844 recentium
1142 786 1289 846 librorum
1311 791 1367 846 ubi

269 872 427 943 substituit,
452 890 475 928 o.
493 870 511 929 I
529 871 547 926 9
571 872 678 944 mudena
699 871 785 929 metri
805 868 957 930 reficiendi
978 889 1067 931 causa
1088 889 1127 929 ex
1150 874 1226 945 quod
1251 872 1364 932 fictum
1464 909 1465 912 =

268 956 396 1027 exhibet,
416 975 439 1012 c.
452 955 588 1014 LXXVI
603 956 643 1014 10
655 954 763 1014 falsum
780 955 937 1014 verborum
954 953 1086 1014 ordinem
1103 955 1201 1015 hiatus
1220 957 1364 1017 evitandi

268 1042 365 1117 gratia
382 1039 479 1112 infert,
497 1059 521 1099 c.
537 1039 623 1100 CXV
637 1040 656 1097 5
673 1061 727 1118 pro
741 1043 885 1114 saltusque
897 1041 1072 1115 paludesque
1088 1041 1210 1119 praebet
1222 1045 1366 1118 altasque

264 1127 397 1201 paludes,
426 1145 483 1204 quo
505 1124 676 1185 hexameter
701 1124 954 1203 hypercatalectus
974 1124 1015 1183 ad
1035 1124 1168 1201 regulam
1188 1137 1363 1201 revocatur,

268 1211 415 1270 sententia
435 1229 553 1288 pessum
576 1210 670 1269 datur.
705 1229 781 1288 quae
804 1230 871 1268 cum
891 1211 935 1268 ita
956 1211 1023 1282 sint,
1047 1212 1136 1269 etiam
1152 1209 1246 1269 bonas
1265 1212 1362 1272 huius

269 1295 379 1354 codicis
403 1295 558 1367 lectiones,
585 1297 612 1354 si
637 1293 755 1374 quidem
781 1315 799 1352 a
824 1296 1021 1354 consentienti
1045 1295 1187 1354 librorum
1214 1296 1245 1356 G
1271 1308 1304 1356 et
1330 1296 1363 1357 O
1464 1315 1465 1318 ’

268 1383 409 1440 memoria
425 1379 574 1450 recedunt,
592 1381 788 1458 suspicionem
801 1397 920 1438 movere
933 1387 1161 1440 consentaneum
1175 1388 1229 1453 est,
1256 1401 1361 1461 neque
1464 1383 1465 1386 ’

268 1464 437 1524 dubitamus
459 1467 531 1545 quin
553 1464 711 1542 pleraeque
729 1483 829 1523 earum
851 1464 888 1523 ab
905 1463 990 1524 Italis
1014 1467 1182 1524 coniectura
1199 1468 1362 1526 restitutae
1464 1461 1465 1474 ἢ

268 1553 335 1622 sint,
354 1563 388 1608 ut
410 1568 456 1608 ex.
475 1569 518 1625 gr.
536 1548 612 1607 illud
634 1567 734 1606 cauam
756 1569 779 1608 c.
797 1548 886 1610 LXV
904 1551 952 1607 12.
988 1556 1019 1608 at
1035 1568 1148 1628 paucae
1166 1558 1236 1609 sunt
1252 1559 1361 1612 tamen

268 1654 342 1714 quas
364 1633 545 1711 probabilius
568 1636 605 1692 sit
630 1652 668 1693 ex
685 1635 715 1693 V
732 1637 898 1693 manavisse
925 1653 1014 1712 quarn
1035 1637 1204 1694 correctorIs
1230 1637 1361 1713 ingenio

269 1718 377 1778 deberi.
413 1718 472 1777 huc
488 1719 586 1777 nescio
605 1738 644 1777 an
661 1721 758 1794 petitis
776 1739 800 1777 c
817 1718 923 1778 LXVI
941 1720 980 1777 83
998 1718 1185 1779 referendum
1202 1721 1249 1792 sit,
1274 1722 1361 1800 quod

269 1825 287 1862 a
306 1801 417 1863 Catulli
433 1822 524 1862 manu
541 1802 704 1882 profectum
721 1823 785 1864 esse
802 1822 961 1863 censemus.
997 1806 1079 1863 cuius
1096 1804 1160 1864 loco
1179 1804 1260 1883 quod
1280 1807 1361 1867 Get

269 1887 296 1949 Ο
315 1891 414 1962 colitis,
436 1887 488 1946 alii
506 1891 639 1964 quaeritis
658 1888 737 1962 dant,
759 1888 791 1947 id
813 1888 901 1948 facile
918 1891 961 1948 ita
978 1889 1120 1966 explicari
1141 1898 1291 1968 potestat
1308 1891 1360 1950 hic

268 1993 386 2054 quoque
406 1976 506 2032 varias
527 1975 559 2032 in
579 1974 609 2033 V
630 1973 722 2033 fuisse
744 1972 884 2033 lectiones
905 1993 1056 2052 ponamus.
1096 1974 1294 2034 confidentius
1319 1975 1359 2036 de
1464 1979 1465 1984 ’

268 2079 292 2119 c.
302 2058 424 2119 XCVII
437 2059 456 2116 5
470 2057 643 2130 iudicamus,
662 2060 714 2119 ubi
728 2059 837 2117 codicis
849 2058 879 2116 D
893 2061 1020 2135 vestigia
1033 2061 1125 2118 seouti
1138 2061 1358 2139 oumHauptio
1464 2133 1465 2136 Ἴ

268 2143 413 2210 edidimus
426 2143 505 2223 quod
518 2144 557 2203 ab
566 2143 715 2222 elegantia
727 2145 866 2205 orationis
879 2145 988 2222 pariter
997 2151 1084 2222 atque
1091 2147 1179 2204 metri
1191 2144 1357 2223 plurimum

268 2229 531 2289 commendationis
547 2228 645 2300 habet,
663 2250 728 2288 uam
746 2232 804 2286 siue
821 2231 946 2288 dentibus
964 2239 1014 2287 eat.
1055 2231 1144 2288 dentis
1163 2249 1194 2286 os
1212 2234 1358 2306 sesquipe-

268 2316 353 2374 dalia.
385 2315 523 2372 nimirum
536 2333 604 2373 cnm
616 2314 646 2372 D
660 2315 703 2372 lu'o
716 2316 805 2372 dentis
822 2315 882 2386 los,
901 2311 930 2373 G
943 2312 1012 2374 etO
1027 2333 1094 2372 oum
1110 2313 1231 2393 reliquis
1249 2315 1357 2392 pleris-

268 2417 326 2478 que
340 2399 434 2459 solum
446 2399 490 2456 lic
502 2400 592 2456 dentis
604 2399 773 2477 praebeant,
792 2417 963 2476 persuasum
976 2398 1061 2458 nobis
1074 2406 1119 2459 est
1135 2400 1165 2459 V
1182 2399 1357 2461 exhibuisse

269 2494 460 2622 dentiemloe,
481 2549 561 2609 unde
584 2553 780 2629 superscripta
800 2551 886 2610 lectio
909 2553 941 2610 in
963 2550 992 2610 G
1014 2559 1044 2610 et
1065 2549 1092 2610 Ο
1114 2554 1260 2623 transiret,
1285 2573 1355 2612 curn

267 2635 301 2695 id
318 2636 517 2715 apographon,
536 2653 574 2694 ex
591 2656 649 2714 quo
665 2636 696 2694 D
713 2635 807 2708 fluxit,
826 2644 979 2716 utramque
996 2635 1152 2696 lectionem
1169 2639 1323 2715 reciperet

270 2789 274 2798 .
332 2739 397 2798 Iam
415 2746 565 2798 uteorum
583 2757 659 2816 quae
676 2737 741 2796 dixi
757 2758 900 2798 summam
918 2738 1032 2810 faciam,
1050 2740 1083 2797 in
1100 2739 1169 2796 crisi
1182 2737 1357 2798 Catulliana

269 2823 387 2884 codices
406 2822 434 2883 G
452 2830 481 2882 et
499 2821 535 2896 Ο,
558 2843 682 2903 quorum
699 2825 817 2902 utrique
835 2843 889 2882 sua
906 2831 949 2882 est
965 2825 1068 2895 virtus,
1086 2822 1175 2899 longe
1192 2823 1355 2902 plurimum
1464 2823 1465 2902 l

270 2910 450 2969 auctoritatis
471 2908 582 2968 habent
603 2908 797 2988 fidissimique
815 2908 853 2967 ad
875 2907 1143 2968 reconcinnandam
1161 2908 1229 2968 libri
1246 2909 1276 2967 V
1293 2929 1356 2968 me·

269 2999 401 3066 moriam,
419 2993 499 3053 unde
517 2995 610 3053 omnis
630 2993 795 3053 emendatio
814 2993 956 3071 proficisci
975 2992 1070 3066 debet,
1089 2992 1178 3052 duces
1197 3000 1272 3052 sunt.
1299 2995 1355 3054 sed

269 3079 308 3139 ad
329 3078 606 3159 repraesentandam
628 3080 737 3138 vetusti
757 3078 837 3138 illius
865 3078 1041 3155 exemplaris
1066 3079 1226 3155 imaginem
1247 3097 1286 3137 ne
1307 3097 1354 3138 re·

270 3167 413 3224 cautiores
434 3163 554 3242 quidem
575 3163 690 3223 codices
708 3167 772 3222 sine
794 3167 874 3221 omni
896 3162 993 3222 fructu
1015 3161 1200 3235 adhibentur,
1219 3182 1355 3240 praeser-

268 3250 323 3308 tim
350 3269 416 3307 cum
442 3249 471 3308 V
496 3247 663 3327 duplicibus
690 3250 840 3326 scripturis
868 3248 1016 3307 confertus
1042 3248 1139 3321 fuerit,
1172 3267 1294 3326 quarum
1323 3247 1355 3308 G
1464 3295 1465 3300 ,

269 3332 386 3403 multas,
413 3340 443 3390 at
464 3352 524 3392 non
545 3336 706 3407 universas,
726 3331 753 3393 Ο
770 3341 868 3392 autem
890 3331 951 3392 fere
974 3332 1096 3392 alteram
1118 3343 1214 3392 utram
1236 3339 1355 3392 tanturn

269 3435 366 3496 neque
388 3435 501 3494 semper
523 3435 588 3476 eam
609 3438 685 3498 quae
706 3421 738 3477 in
756 3416 785 3477 G
803 3426 943 3496 conparet
960 3426 1011 3476 ant
1032 3420 1063 3476 in
1085 3417 1141 3477 hoc
1158 3418 1234 3476 libro
1251 3420 1355 3495 primi-

268 3504 359 3580 genia
380 3508 424 3560 est
444 3502 593 3579 reciperet.
634 3505 834 3563 consentiente
855 3511 952 3562 autem
974 3503 1115 3562 librorum
1134 3502 1163 3563 G
1181 3511 1210 3563 et
1228 3500 1254 3563 Ο
1272 3506 1355 3562 testi-

268 3590 368 3647 monio
387 3589 443 3646 etsi
460 3585 631 3666 plerumque
647 3594 711 3647 tuto
728 3587 798 3646 licet
815 3588 954 3665 colligere
972 3587 1128 3648 lectionem
1146 3588 1184 3648 ab
1203 3589 1244 3648 eis
1261 3586 1356 3646 tradi·

267 3675 383 3734 tamin
406 3675 471 3750 ipso
494 3678 577 3731 textu
601 3671 710 3732 codicis
727 3673 756 3732 V
774 3681 924 3732 exaratam
946 3672 1045 3746 fuisse,
1068 3682 1167 3733 tamen
1190 3671 1301 3731 nullam
1319 3673 1356 3732 id
1464 3751 1465 3754 Ἴ

267 3761 473 3836 exceptionem
503 3756 612 3817 habere
643 3777 702 3816 non
733 3760 938 3837 praestiterim,
967 3757 1130 3836 videorque
1160 3757 1232 3816 mihi
1263 3777 1356 3836 supra

267 3864 357 3904 unum
385 3843 488 3902 saltem
518 3841 616 3903 locum
647 3842 779 3902 attulisse
808 3863 866 3921 quo
897 3843 988 3902 ambo.
1013 3845 1239 3921 superscriptam
1264 3844 1298 3900 in
1323 3843 1357 3904 V

266 3927 423 3988 lectionem
449 3927 600 4006 amplexos
626 3946 689 3988 esse
714 3927 906 4006 probabiliter
932 3931 1062 3988 sumitur.
1107 3936 1236 3988 ceterum
1260 3927 1357 3988 libros
1464 3945 1465 3950 ’

266 4012 335 4072 illos
356 4015 488 4073 novicios
505 4014 538 4073 in
554 4033 640 4074 usum
657 4015 778 4074 vocanti
795 4033 907 4072 summa
926 4033 998 4093 opus
1016 4032 1080 4074 esse
1097 4016 1234 4072 cautione
1250 4031 1305 4090 per
1322 4033 1358 4074 se

264 4097 455 4175 intellegitur.
