2968 4990
266 336 405 380 LXXXVIII
701 334 927 378 ruouusomuua

269 454 309 516 25
327 453 500 528 recedimus,
518 456 550 514 in
568 474 626 534 quo
644 453 790 532 singulari
804 473 924 533 prorsus
941 452 1062 513 licentia
1079 453 1224 532 spondeus
1243 457 1385 534 positus
1470 467 1471 474 ’

269 549 314 601 est
328 561 382 618 pro
396 539 522 618 dactylo.
549 539 663 599 sedhic
679 540 885 618 pherecrateus
898 559 959 597 uua
972 557 1040 597 cum
1056 545 1119 598 tota
1132 539 1253 618 stropha
1266 561 1379 620 quam

271 625 383 684 claudit
404 632 554 703 suspectus
575 633 629 684 est.
665 623 741 683 conf.
764 623 863 683 adnot.
882 625 943 684 orit.
963 623 1046 683 adv.
1067 625 1210 682 21—25.
1247 625 1381 684 hende-

269 710 487 789 casyllaborum
513 727 630 790 quoque
652 729 766 768 summa
787 717 831 768 est
857 707 1012 786 elegantia,
1039 727 1095 767 nec
1116 711 1254 769 invenias
1276 711 1378 790 quod

268 799 333 856 iure
351 794 507 873 displicere
523 795 616 873 possit
632 801 749 872 praeter
766 795 904 852 carminis
914 793 1026 852 XXIV
1037 812 1153 853 versum
1174 796 1201 866 7,
1221 797 1314 853 cuius
1337 799 1377 853 in
1470 817 1471 902 q

269 880 360 940 finem
381 899 461 938 nova
482 878 628 939 sententia
650 877 809 938 admodum
832 878 903 939 dure
924 877 1037 937 Incidit.
1072 898 1142 937 nam
1160 899 1183 938 c.
1201 879 1329 938 XXIII
1351 881 1372 937 3

269 985 332 1024 uon
349 962 475 1024 eandem
492 963 683 1023 offensionem
700 963 797 1023 habet.
824 962 904 1043 quod
921 972 1019 1023 autem
1036 965 1069 1021 iu
1081 983 1140 1021 uno
1155 965 1287 1022 carmine
1304 964 1375 1024 LV
1470 1021 1471 1042 ,

270 1050 408 1127 dactylus
426 1050 542 1127 saepius
560 1056 725 1108 contractus
747 1056 792 1108 est
811 1051 845 1107 iu
861 1047 1032 1126 spondeum,
1054 1046 1087 1105 id
1103 1052 1269 1127 quaesitum
1289 1051 1371 1107 arti·

270 1134 370 1193 ficium
388 1152 452 1194 esse
473 1152 526 1212 per
543 1153 575 1193 se
591 1133 782 1210 intellegitur,
804 1152 860 1192 nec
882 1151 979 1192 errare
996 1131 1135 1191 videntur
1152 1135 1204 1212 qui
1220 1153 1373 1193 numero-

271 1240 337 1278 rum
351 1221 394 1277 ita
402 1227 466 1278 orta
479 1217 616 1278 tarditate
626 1217 775 1278 Catullum
787 1217 903 1278 labores
919 1237 986 1276 suos
999 1221 1031 1275 iu
1046 1217 1245 1296 conquirendo
1261 1221 1372 1278 amico

270 1305 427 1365 exhaustos
446 1305 530 1383 quasi
546 1307 579 1362 in
597 1321 681 1363 aures
697 1306 855 1382 inpingere
868 1303 996 1361 voluisse
1009 1309 1148 1361 statuunt.
1175 1323 1369 1383 quamquam

269 1389 422 1449 fatendum
441 1396 485 1448 est
502 1390 544 1448 sic
562 1387 707 1467 spondeos
725 1390 822 1466 aptius
843 1391 876 1446 in
894 1389 991 1466 priore
1006 1395 1091 1466 parte
1107 1391 1251 1466 poematis
1266 1409 1366 1467 quam

268 1479 301 1534 iu
318 1475 479 1553 posteriore
497 1473 648 1552 exphcari.
675 1480 803 1532 ceterum
817 1476 958 1530 miramur
971 1472 1050 1551 quod
1068 1474 1120 1551 qui
1135 1472 1213 1531 banc
1226 1473 1366 1552 explica·

269 1559 380 1618 tionem
400 1557 601 1637 probaverunt
621 1558 789 1617 maluerunt
811 1559 843 1615 in
863 1557 929 1616 basi
946 1576 1048 1616 versus
1067 1558 1107 1614 10
1125 1556 1162 1617 de
1179 1559 1190 1615 i
1206 1556 1308 1618 littera
1327 1563 1364 1618 in

270 1652 479 1704 consonantem
498 1642 603 1700 durata
621 1645 750 1719 cogitare
768 1662 857 1723 quam
873 1641 1054 1701 tribrachum
1073 1640 1260 1719 adgnoscere.
1296 1664 1365 1722 quo
1470 1683 1471 1692 κ

268 1728 345 1808 pede
372 1747 439 1786 cum
465 1727 654 1786 vehementer
679 1736 823 1804 augeatur
843 1746 945 1787 versus
967 1727 1147 1799 volubilitas,
1175 1727 1281 1807 quidni
1308 1729 1364 1787 hic

271 1813 449 1873 contrarium
471 1811 628 1870 artificium
649 1812 705 1870 hoc
723 1811 886 1871 adhibitum
904 1830 967 1871 esse
985 1811 1158 1870 arbitremur
1174 1821 1207 1871 ut
1227 1814 1365 1891 Impetus

270 1919 290 1957 a
305 1905 394 1976 poeta
409 1899 442 1956 iu
459 1897 574 1976 puellas
589 1897 646 1956 sibi
660 1904 844 1956 occurrentes
857 1897 951 1955 faetus
965 1899 1029 1975 ipso
1043 1915 1164 1956 numero
1179 1901 1363 1975 exprImere·

268 1981 339 2042 tur?
364 1990 458 2041 totum
480 1985 589 2062 quippe
611 2001 730 2042 carmen
753 1982 834 2041 lusus
855 1982 1056 2060 lasciviaeque
1076 1981 1197 2059 plenum
1215 1991 1267 2041 est.
1303 1983 1362 2043 sed

269 2070 352 2127 utin
369 2071 449 2132 viam
467 2066 628 2142 redeamus,
648 2067 798 2127 Catullum
815 2067 865 2126 vel
882 2070 1002 2125 summis
1017 2065 1244 2126 difficultatibus
1262 2067 1363 2127 felici-

269 2162 315 2213 ter
332 2152 504 2232 superandis
520 2173 623 2232 parem
636 2152 728 2212 fuisse
745 2152 900 2228 galliambi
913 2155 1050 2210 carminis
1063 2151 1172 2210 LXIII
1187 2151 1362 2212 admirabili

271 2247 333 2298 arte
351 2238 422 2297 facti
442 2237 652 2297 demonstrant.
688 2237 793 2318 quodsi
813 2239 845 2296 in
867 2237 999 2297 versibus
1021 2236 1145 2295 heroicis
1162 2235 1361 2317 dIstiohisque

271 2324 411 2401 elegiacis
437 2324 589 2403 aliquanto
615 2326 758 2382 minorem
783 2323 886 2381 limam
912 2321 1181 2395 animadvertimus,
1208 2342 1269 2381 nou
1294 2331 1359 2382 tam

270 2412 350 2466 vires
381 2427 469 2486 quam
499 2407 681 2466 voluntatem
710 2417 828 2486 poetam
857 2406 1002 2466 defecisse
1032 2406 1260 2465 existimandum
1292 2411 1360 2467 erit.

272 2499 361 2571 atque
378 2492 524 2567 Augustei
540 2495 678 2570 temporis
696 2501 806 2570 poetas,
825 2495 876 2570 qui
893 2495 951 2550 ista
967 2499 1060 2550 metra
1074 2489 1113 2548 ad
1131 2511 1274 2550 summam
1291 2511 1360 2571 per-

270 2577 429 2636 fectionem
451 2575 646 2648 adduxeruut,
673 2579 706 2635 in
728 2596 788 2634 non
809 2577 900 2635 nullis
921 2576 1008 2635 rebus
1031 2583 1144 2634 constat
1166 2577 1214 2635 vel
1232 2576 1359 2637 Graecis

273 2665 433 2722 severiores
451 2660 550 2724 fuisse.
578 2668 680 2719 eontra
694 2660 837 2734 Catullus,
856 2682 922 2720 cum
940 2664 971 2719 in
988 2660 1092 2720 horum
1110 2669 1172 2720 arte
1186 2661 1358 2740 adquiesco·
1470 2697 1471 2706 κ

271 2755 324 2818 ret,
343 2744 424 2805 haud
440 2766 536 2824 pauca
553 2745 610 2804 sibi
627 2745 710 2804 licita
727 2751 844 2824 putavit
861 2765 937 2826 quae
955 2747 1021 2804 ideo
1035 2748 1218 2824 potissimum
1237 2745 1360 2806 duriora

272 2833 358 2892 nobis
378 2831 518 2891 videntur
539 2831 619 2911 quod
639 2832 678 2891 ab
699 2834 916 2911 insequentium
937 2838 1089 2910 poetarum
1106 2831 1278 2890 Latinorum
1297 2832 1358 2890 ele·
1470 2899 1471 2914 χ

273 2921 376 2995 gantia
394 2917 558 2976 abhorrent.
594 2919 643 2990 sie,
662 2925 695 2976 ut
712 2918 848 2996 exempla
865 2915 977 2995 aliquot
993 2915 1168 2988 adferamus,
1190 2916 1358 2977 hexametri

273 3005 335 3062 eius
362 3006 478 3081 saepius
506 3010 605 3062 carent
631 3009 716 3079 grata
741 3002 850 3080 pedum
871 3000 1075 3060 vicissitudine
1101 3004 1209 3080 quippe
1229 3005 1357 3062 nimium

272 3087 402 3167 pondere
425 3091 537 3147 onerati
559 3088 763 3165 spondeorum.
804 3095 833 3146 et
853 3086 929 3145 illud
951 3085 1069 3165 quidem
1091 3086 1170 3165 quod
1195 3085 1262 3165 plus
1284 3107 1357 3166 qua-

273 3172 412 3249 draginta
440 3192 542 3232 versus
572 3173 652 3232 binis
682 3171 820 3250 spondeis
849 3173 1044 3230 terminantur
1069 3170 1173 3230 doctae
1202 3179 1356 3250 poetarum

273 3256 545 3316 Alexandrinorum
566 3258 724 3316 imitationi
750 3255 940 3315 tribuendum
966 3275 1027 3316 esse
1050 3275 1138 3334 supra
1164 3257 1353 3318 ostendimus.

273 3360 376 3400 verum
393 3347 451 3400 tres
469 3340 572 3400 horum
589 3362 727 3402 versuum
741 3341 891 3419 dactylum
909 3344 1028 3400 omuino
1042 3361 1104 3399 non
1120 3341 1231 3400 habent
1247 3343 1302 3400 nisi
1316 3334 1355 3402 'in

272 3427 369 3504 prima
386 3424 463 3483 sede.
498 3425 557 3483 vid.
576 3446 600 3484 c.
613 3427 719 3486 LXIV
733 3428 760 3485 3.
771 3428 820 3484 44.
838 3426 976 3486 LXVIII
990 3427 1039 3485 87.
1066 3446 1125 3505 qua
1142 3427 1175 3484 iu
1191 3446 1223 3486 re
1237 3425 1355 3488 Catullo

274 3510 403 3570 severior
432 3508 489 3566 fuit
517 3508 567 3569 vel
592 3511 755 3583 Lucretius,
789 3531 875 3590 quem
904 3513 1037 3571 versibus
1068 3513 1100 3569 iu
1125 3519 1183 3570 tres
1210 3511 1356 3591 spondeos

274 3593 452 3654 exeuntibus
466 3595 643 3655 abstinuisse
655 3595 865 3656 Lachmennus
879 3596 979 3655 docuit
991 3599 1192 3656 commentarii
1209 3618 1237 3676 p.
1253 3597 1314 3655 150
1323 3618 1356 3672 s,

273 3680 444 3760 eisdemque
460 3679 665 3740 abstinuerunt
680 3681 827 3757 Augustei
844 3684 981 3762 temporis
998 3690 1104 3761 poetae
1120 3693 1236 3761 praeter
1251 3683 1354 3760 Vergi-

272 3767 345 3825 lium
364 3777 393 3826 et
411 3763 560 3825 Ovidium.
593 3765 645 3824 sed
662 3765 798 3825 Catullus
816 3767 906 3826 semel
923 3766 997 3827 adeo
1014 3786 1131 3827 versum
1150 3787 1165 3826 e
1184 3767 1252 3826 solis
1271 3788 1355 3845 spon-

273 3849 337 3911 deis
356 3858 538 3910 constantem
557 3849 683 3924 admisit,
703 3871 727 3910 o.
747 3850 849 3910 CXVI
864 3854 892 3925 3,
911 3852 990 3932 quod
1008 3860 1076 3910 ante
1094 3872 1160 3911 eum
1179 3851 1356 3932 aliquotiens

272 3935 384 3995 factum
403 3939 509 3996 scimus
528 3935 566 3995 ab
580 3935 710 3996 Homero
729 3945 757 3996 et
770 3936 878 3995 Ennio.
915 3946 1042 3996 ceterum
1059 3945 1155 4016 potest
1171 3938 1220 3996 hic
1238 3939 1354 3998 subesse

273 4019 365 4080 Gellii
387 4021 559 4094 ludificatio,
584 4020 659 4080 conf.
678 4021 757 4100 quod
775 4042 863 4100 supra
886 4043 914 4100 p.
933 4022 1038 4081 LXVI
1061 4023 1132 4080 dixi.
1166 4042 1252 4100 porro
1274 4025 1353 4082 inve·

270 4107 395 4164 niuntur
419 4127 480 4166 nou
502 4106 577 4166 nulli
604 4106 767 4167 hexametri
793 4127 917 4187 quorum
943 4117 1065 4187 quartus
1095 4115 1209 4166 tautum
1233 4127 1287 4187 pes
1312 4116 1355 4168 est
