2968 4990
576 386 803 430 Psonneoofflun
1170 385 1234 428 cvn

141 507 258 564 ciscum
274 504 488 564 Buechelerum
510 524 564 583 per
585 505 741 584 epistulam
758 523 794 564 cc
811 503 848 563 de
869 522 901 563 re
919 504 1062 578 consului,
1085 508 1137 585 qui
1160 504 1234 563 mihi

143 609 179 648 se
196 589 277 652 idom
297 593 406 650 sentire
422 589 575 668 respondit
596 589 770 669 addiditque
788 590 846 649 sibi
862 609 1034 667 persuasum
1052 609 1115 649 esse
1133 589 1233 649 Catul-

142 673 209 732 lum
225 695 286 734 non
303 678 454 753 scripsisse
471 677 546 733 ludet
562 682 592 734 et
608 675 725 747 similia,
745 673 938 753 eundemque,
957 694 1024 734 cum
1036 695 1079 733 zm
1096 678 1129 734 in
1145 677 1232 733 initio

138 759 270 834 Zmyrna
292 762 422 818 nominis
443 761 596 837 posuisset,
623 759 701 838 quod
723 758 842 838 quidem
863 759 922 818 sibi
942 768 1053 819 certum
1073 759 1231 832 videretur,

142 845 201 902 vix
219 848 318 922 putari
335 863 420 923 posse
437 865 498 904 non
515 864 576 903 una
594 865 659 904 cum
675 847 732 903 isto
749 865 766 902 z
785 846 873 904 etium
890 865 912 923 y
928 839 1057 903 litteram
1073 847 1231 922 recepisse,

138 947 199 1006 ‘pro
226 949 287 1008 quo
317 949 385 988 cum
416 931 447 987 in
475 948 608 988 sermone
637 929 753 1008 plebeio
780 949 798 984 c
830 929 936 989 soleret
961 948 1055 1009 usque
1085 929 1231 1002 substitui,

144 1012 237 1072 facile
262 1013 327 1072 fieri
352 1017 483 1092 potuisse
504 1020 537 1073 ut
558 1013 686 1073 hincce
711 1013 811 1073 littera
833 1013 965 1074 Graecae
990 1014 1056 1073 loco
1077 1034 1178 1073 rursus
1198 1016 1233 1073 in

140 1104 278 1156 veterum
296 1097 411 1158 codices
428 1102 578 1175 irreperet

205 1182 317 1242 Textui
343 1182 417 1243 duos
446 1183 561 1242 indices
588 1181 708 1256 subieci,
740 1181 864 1242 alterum
890 1184 1044 1242 nominum
1071 1191 1100 1242 et
1124 1203 1231 1258 rerum,

138 1265 272 1326 alterum
297 1271 528 1344 grammaticum.
571 1269 603 1326 in
630 1267 737 1347 quibus
759 1286 847 1326 voces
875 1265 1041 1347 formasque
1064 1271 1233 1327 coniectura

141 1355 294 1410 restitutas
317 1352 355 1412 ab
383 1355 425 1411 eis
450 1372 524 1431 ques
550 1351 665 1412 codices
691 1351 813 1412 tradunt
842 1350 973 1425 distinxi,
1004 1355 1047 1410 its
1072 1360 1174 1412 tamen
1199 1360 1233 1412 ut

138 1436 292 1514 simplices
319 1436 491 1496 mendorum
517 1455 593 1516 quae
618 1441 651 1496 in
676 1437 722 1496 his
749 1439 852 1497 insunt
877 1437 1071 1497 correctiones
1092 1439 1153 1496 iam
1174 1439 1232 1516 pri·

144 1518 215 1579 dem
237 1520 330 1580 factas
353 1521 442 1581 stab
464 1522 599 1605 omnibus
621 1521 760 1601 deinceps
782 1521 944 1582 editoribus
971 1530 1103 1601 receptos
1130 1530 1233 1583 notare

138 1605 373 1684 supersederem.
918 1673 919 1676 ,

207 1691 391 1751 Recensione
412 1690 517 1750 horum
538 1695 702 1751 carminum
729 1690 781 1750 diu
802 1689 939 1750 obsolute
960 1699 990 1750 et
1014 1690 1231 1770 prolegomenis

138 1793 262 1854 quoque
292 1777 423 1834 maxima
452 1795 490 1835 ex
519 1784 603 1854 perte
635 1778 807 1854 conscriptis
832 1775 1001 1835 Alexandri
1026 1777 1134 1849 Riesii,
1164 1783 1234 1855 post

141 1857 268 1918 Aemilii
280 1859 454 1920 Baehrensii
466 1863 500 1919 in
515 1859 665 1920 Catullum
678 1863 904 1920 commentarius
917 1859 956 1919 ad
969 1879 1017 1919 me
1033 1861 1164 1939 perlatus
1178 1869 1232 1921 est.
1277 1911 1280 1918 .

142 1941 291 2003 Ludovioi
312 1943 462 2004 Schwobii
483 1966 562 2005 nova
586 1952 691 2024 poetae
713 1947 892 2006 Veronensis
914 1948 1077 2022 recognitio
1099 1946 1232 2005 Berolini

141 2047 170 2087 a.
188 2030 268 2087 1886
287 2033 395 2089 emisso
411 2031 444 2089 in
457 2049 561 2088 monus
574 2048 655 2088 meos
672 2031 816 2109 pervenit,
835 2050 902 2090 cum
919 2033 953 2089 in
966 2049 1000 2090 eo
1014 2037 1091 2090 esset
1103 2038 1137 2089 ut
1152 2031 1233 2089 hanc

138 2111 304 2175 editionem
320 2117 401 2194 typis
419 2113 644 2175 describendum
662 2133 801 2174 curarem.
