2954 4990
530 362 757 405 Paomeomnua
1136 363 1195 402 XIII

95 487 144 544 ita
160 482 286 542 multum
304 490 374 542 ante
392 500 416 540 c.
434 480 547 539 XXIX
570 483 768 560 conposuerit,
793 483 826 540 in
843 501 901 560 quo
921 481 1089 540 Mamurrae
1106 480 1194 539 luxu-

95 573 175 628 riam
188 577 217 628 et
230 567 389 628 libidinum
403 568 661 644 intemperantiam
675 568 799 642 castigat
809 561 897 642 (conf.
908 567 939 624 in
952 568 1056 644 primis
1064 587 1093 625 v.
1105 567 1122 623 6
1133 562 1193 640 ss),

95 674 282 734 quamquam
295 653 329 711 id
343 655 440 731 ipsum
454 671 514 710 non
523 651 669 724 Veronae,
688 650 740 710 sed
753 653 866 710 Romae
879 658 983 709 natum
1001 670 1065 710 esse
1082 659 1194 709 certum

97 747 154 799 est.
187 741 247 798 iam
270 758 337 797 cum
358 744 447 815 poeta
464 756 488 794 c.
506 736 630 810 XXIX,
654 743 687 794 ut
707 735 786 794 infra
808 735 982 807 videbimus,
1006 738 1087 814 prius
1105 756 1194 815 quam

97 831 243 882 autumno
266 825 339 882 anni
358 817 472 900 699l55
493 821 619 881 scribere
640 841 702 879 non
723 823 859 899 potuerit,
881 821 1074 898 probabiliter
1095 829 1195 880 autem

98 909 157 968 sub
183 909 274 968 finem
299 908 387 966 buius
413 908 506 984 ipsius
529 907 602 964 anni
623 915 675 964 aut
695 908 823 984 proximi
848 907 933 964 initio
960 908 1117 984 scripserit,
1144 904 1194 964 ad-

97 999 186 1073 paret
203 1013 279 1066 eum,
298 1013 364 1052 cum
378 1013 402 1050 c.
417 991 528 1050 XLIII
545 991 663 1064 faceret,
682 992 742 1049 iam
760 1011 778 1050 a
794 991 905 1050 Lesbia
922 1011 1040 1070 prorsus
1058 1011 1194 1050 aversum

98 1078 202 1138 fuisse.
237 1099 307 1137 nam
325 1098 349 1136 c.
366 1077 425 1150 XI,
450 1074 530 1155 quod
549 1075 660 1136 Catulli
682 1095 753 1152 erga
774 1075 857 1134 illam
879 1095 1009 1136 amorem
1031 1080 1194 1136 extinctum

98 1161 239 1236 ostendit,
263 1171 382 1242 propter
398 1181 445 1220 res
463 1168 560 1238 gestas
583 1161 626 1220 ibi
647 1163 755 1239 partim
777 1168 953 1220 memoratas
974 1164 1083 1240 partim
1105 1163 1195 1238 sIgni·

99 1249 206 1308 ficatas
225 1248 321 1307 eidem
340 1267 418 1306 anno
439 1241 553 1322 699l55
572 1245 792 1304 attribuendum
811 1253 855 1304 est
872 1242 960 1318 (conf.
975 1255 1092 1324 praeter
1104 1247 1194 1322 Iung-

98 1333 291 1393 claussenum
300 1331 320 1390 l.
331 1351 354 1391 c.
365 1331 539 1391 Schwabius
548 1351 575 1410 p.
588 1329 671 1404 128).
690 1332 790 1409 itaque
800 1350 865 1389 curn
877 1329 1011 1390 Catullus
1022 1352 1045 1390 c.
1055 1330 1165 1389 XLIII
1177 1332 1194 1388 7

99 1417 298 1478 mirabundus
324 1415 374 1477 vel
394 1414 638 1493 indIgnabundus
660 1415 807 1474 exclamat
829 1416 939 1474 ‘tecum
960 1415 1070 1475 Lesbia
1096 1423 1196 1474 nostra

98 1500 322 1581 conparatur?’,
350 1501 515 1560 cavendum
538 1508 642 1560 estne
667 1499 737 1559 inde
760 1519 827 1559 eum
850 1503 1031 1560 etiamtunc
1054 1521 1120 1559 cum
1143 1501 1196 1559 illa

99 1590 292 1648 coniunctum
310 1586 401 1646 fuisse
426 1585 648 1659 concludamus,
670 1584 723 1644 sed
740 1585 892 1644 simulavit
906 1586 962 1644 boo
983 1593 1079 1663 poeta,
1102 1593 1136 1644 ut
1152 1605 1195 1644 re·

99 1673 220 1753 pulsam
238 1692 327 1750 quam
345 1692 364 1730 a
379 1671 480 1750 puella
501 1670 678 1749 provinciali
699 1670 815 1730 tulisset
837 1670 996 1729 admodum
1017 1670 1097 1730 lente
1118 1670 1195 1730 ferre

100 1777 189 1838 posse
205 1757 368 1830 videretur,
392 1759 533 1836 quoniam
550 1757 663 1814 Romae
680 1754 771 1814 multo
794 1755 971 1834 pulchrioris
994 1755 1195 1832 elegantioris·

100 1861 163 1923 que
179 1842 310 1902 mulieris
328 1861 427 1901 amore
443 1841 503 1900 frui
520 1841 576 1900 sibi
593 1840 703 1900 liceret
731 1842 779 1898 cui
792 1842 1029 1918 interpretationi
1042 1839 1115 1919 quiri
1131 1843 1195 1900 iure

101 1931 214 2007 opponi
230 1929 324 2005 possit
340 1947 402 1985 non
419 1925 516 1986 video.
553 1925 605 1985 sed
621 1925 670 1984 fac
688 1945 753 1985 eam
770 1925 876 1984 falsam
895 1944 971 1985 esse:
993 1936 1112 1986 netum
1131 1929 1194 2005 qui·

100 2013 170 2073 dem
197 2015 330 2092 sequitur
355 2019 473 2090 poetam
501 2031 535 2071 eo
558 2018 768 2089 temporeque
791 2030 815 2069 c.
833 2010 944 2070 XLIII
966 2011 1106 2070 scriberet
1128 2031 1195 2070 cum

100 2097 213 2157 Lesbia
230 2099 389 2176 quicquam
407 2098 495 2155 etiam
511 2098 635 2154 rationis
653 2095 799 2154 habuisse.
831 2115 901 2154 nam
918 2102 1104 2154 venustatem
1122 2098 1192 2167 eius,

102 2182 140 2242 de
158 2203 218 2261 qua
235 2182 298 2241 sola
315 2183 346 2240 in
368 2181 424 2240 hoc
441 2183 588 2259 poematio
610 2182 721 2257 agitur,
746 2179 890 2256 dirempto
913 2199 1030 2259 quoque
1052 2199 1119 2237 curn
1142 2179 1195 2238 illa

100 2267 223 2326 foedere
244 2265 422 2325 conlaudare
444 2273 571 2344 poterat,
598 2284 695 2346 neque
719 2264 798 2344 quod
821 2264 944 2326 ‘Lesbia
965 2265 1099 2324 nostra'
1124 2264 1195 2324 dicit

101 2355 198 2428 magis
220 2353 329 2410 mirum
351 2359 396 2410 est
412 2371 500 2430 quam
521 2350 598 2409 illud
616 2349 726 2412 ‘meae
746 2349 876 2430 puellae’
899 2352 932 2408 in
954 2369 988 2409 eo
1011 2351 1141 2409 carmine
1162 2352 1194 2408 in

100 2458 161 2516 quo
179 2437 307 2496 Lesbiae
328 2455 458 2495 amorem
481 2437 514 2495 in
535 2445 710 2515 perpetuum
732 2438 884 2495 renuntiat
901 2435 963 2511 (XI
981 2433 1042 2508 15).
1070 2455 1090 2493 u
1103 2455 1195 2514 roque

101 2525 182 2582 enim
199 2521 274 2594 loco,
293 2541 360 2580 oum
377 2523 420 2580 ita
437 2521 517 2594 dicit,
536 2520 626 2580 simul
644 2523 776 2580 carmina
793 2541 847 2579 aua
863 2523 924 2579 iam
941 2523 973 2580 in
987 2521 1095 2598 vulgus
1113 2530 1193 2593 nota,

101 2607 212 2686 quibus
236 2606 306 2666 olim
327 2607 406 2665 hanc
427 2607 580 2666 mulierem
604 2613 787 2678 cantaverat,
809 2608 938 2685 respicit.
974 2615 1103 2666 ceterum
1130 2606 1195 2664 fieri

98 2699 200 2771 potest
216 2699 250 2749 ut
266 2692 324 2750 ista
341 2691 441 2770 puella
454 2692 634 2752 Veronensis
653 2711 720 2751 cum
737 2691 848 2751 Lesbia
865 2699 1026 2770 conparata
1043 2693 1080 2750 sit
1098 2711 1116 2749 a
1133 2711 1194 2750 non

101 2775 193 2836 nullis
222 2776 381 2836 iuvenibus
408 2776 632 2855 Transpadanis
665 2779 717 2856 qui
746 2796 808 2834 una
839 2797 905 2836 cum
937 2775 1053 2835 Catullo
1081 2776 1194 2834 Rornae

101 2863 239 2921 vixerant
255 2861 397 2940 illamque
416 2869 570 2922 noverant.
597 2862 702 2921 similis
717 2861 876 2941 explicatio
892 2863 1014 2920 carmini
1026 2859 1195 2920 LXXXVI

101 2965 220 3026 quoque
242 2945 378 3005 adbiberi
399 2949 504 3024 possit,
527 2948 640 3025 inquo
663 2946 743 3006 faeta
765 2948 843 3006 inter
866 2943 1019 3018 Quintiam
1043 2943 1194 3022 quandam

101 3039 133 3090 et
153 3031 294 3090 Lesbiam
321 3033 509 3089 contentione
533 3030 662 3090 Lesbiae
686 3030 787 3109 palma
813 3029 907 3088 datur.
943 3047 1047 3088 verum
1074 3048 1112 3088 ex
1139 3029 1194 3099 hoc

99 3119 248 3196 poematio
272 3117 393 3173 omnino
414 3135 474 3173 non
498 3115 625 3174 efficitur
646 3122 679 3174 ut
698 3113 833 3175 Catullus
858 3111 1011 3186 Quintiam
1033 3115 1120 3172 istam
1142 3115 1195 3174 ali·

100 3200 221 3280 quando
239 3201 384 3259 amaverit
402 3207 453 3258 aut
471 3203 596 3277 gratiam
615 3201 677 3258 eius
700 3200 757 3259 sibi
776 3199 934 3258 conciliare
952 3197 1105 3272 studuerit,
1128 3220 1195 3278 pro-

99 3285 289 3364 babiliusque
311 3284 385 3343 mihi
407 3283 526 3344 videtur
546 3284 633 3344 illum
656 3303 694 3344 ex
717 3283 899 3344 dissensione
920 3287 999 3344 inter
1020 3284 1135 3344 sodales
1157 3284 1194 3344 de

99 3371 199 3429 forma
223 3372 377 3449 utriusque
404 3369 535 3429 mulieris
561 3379 665 3430 exorta
690 3389 810 3429 causam
835 3371 1029 3448 petivissent
1052 3390 1135 3430 suam
1157 3369 1195 3430 de

101 3475 138 3516 ea
163 3473 196 3513 re
223 3457 400 3514 sententiam
426 3457 540 3534 poetice
567 3463 732 3516 exornaret.
773 3454 852 3534 quod
879 3457 905 3514 si
929 3463 1009 3515 recte
1034 3475 1067 3515 se
1095 3455 1192 3528 babet,

100 3563 126 3600 c.
143 3538 313 3600 LXXXVI
331 3542 482 3619 aptissime
499 3543 527 3600 ei
548 3543 675 3620 tempori
693 3539 916 3616 adsignabimus
939 3561 996 3620 quo
1018 3549 1107 3619 poeta
1123 3539 1194 3599 Les·

100 3625 182 3685 biam
201 3624 354 3704 deperibat
375 3643 431 3684 nec
452 3628 512 3684 iam
535 3628 718 3686 occasionem
741 3625 833 3686 libere
855 3645 976 3686 cumea
997 3624 1195 3684 convenIendi

100 3718 206 3770 nactus
224 3717 294 3769 erat.
336 3731 347 3760 ο

164 3795 280 3854 Eadem
302 3802 477 3874 tempestate
499 3815 558 3874 qua
576 3795 712 3856 Catullus
729 3795 856 3855 Lesbiae
877 3797 910 3854 in
931 3815 963 3855 se
984 3794 1140 3874 perfidiam
1162 3795 1195 3854 in

101 3879 165 3939 dies
190 3882 395 3958 ingravescere
415 3880 538 3940 videbat
559 3901 701 3958 magnum
725 3883 888 3940 carminum
915 3899 1070 3940 numerum
1092 3887 1195 3938 eontra

101 3965 232 4024 aemulos
250 3967 354 4040 emisit,
377 3968 455 4026 inter
476 3985 549 4045 quos
573 3972 658 4026 erant
680 3967 731 4045 qui
753 3986 785 4027 se
808 3968 936 4025 sinceros
958 3972 1063 4043 poetae
1085 3965 1194 4024 amicos

101 4068 165 4108 esse
186 4051 381 4110 simulassent.
418 4053 508 4110 etiam
530 4050 604 4110 haec
627 4053 759 4110 earmina
781 4070 839 4130 quo
862 4049 966 4108 ordine
987 4068 1018 4110 se
1045 4051 1195 4130 excipiant

101 4154 169 4194 cum
186 4154 224 4196 ex
246 4136 372 4214 singulis
390 4135 568 4215 quibusdam
585 4135 738 4196 versiculis
761 4144 825 4194 tum
843 4154 881 4195 ex
905 4143 965 4194 toto
984 4136 1103 4194 omnino
1122 4156 1194 4197 sono
