2968 4990
300 399 375 443 0va
685 395 863 438 annoanlo
885 393 1009 438 cumea

305 515 357 594 (ld.
372 513 528 592 Claudius)
543 513 687 575 Sacerdos
704 521 758 573 art.
776 535 898 592 gramm.
914 513 939 586 Ι,
958 533 986 593 p.
1001 514 1061 572 461
1073 532 1095 572 s.
1109 513 1150 573 Κ.
1167 515 1246 575 inter
1262 518 1405 577 asteismi

303 623 358 682 per
374 601 597 662 similitudinem
614 599 751 678 exempla
768 599 865 659 adfert
881 599 1068 678 explicatque
1085 597 1141 658 hoc
1156 599 1259 659 modo:
1278 611 1308 660 et
1327 604 1406 660 iliad

304 690 339 746 de
358 689 500 763 Pompeio,
528 689 576 761 qui
598 687 698 743 eoloris
720 693 782 743 erat
802 685 890 757 rubei,
913 686 965 741 sed
987 685 1073 742 animi
1088 685 1275 758 incarcerandi,
1302 687 1405 762 ‘quom

304 793 360 831 non
372 774 463 849 pudet
480 781 506 830 et
522 772 611 842 rubet,
629 789 684 827 aon
702 778 743 828 est
758 770 847 842 homa
865 771 916 827 aad
935 771 1040 845 ropio’.
1080 771 1160 845 sopio
1178 780 1269 828 auton
1285 781 1333 829 eat
1351 783 1405 830 aut
1478 809 1479 812 =

304 860 417 916 minium
443 865 492 914 out
514 858 604 932 piscis
629 857 729 914 robers
751 864 800 913 dat
818 857 911 931 ponis.
951 853 1028 913 conf.
1051 852 1089 913 de
1110 853 1167 913 hoc
1187 873 1277 914 versu
1301 855 1405 937 deque

305 961 379 1002 voce
409 942 540 1018 ropionis
566 940 717 1018 Hauptius
744 959 842 1018 opusc.
869 938 920 998 ΙΠ
946 938 1007 996 325
1040 945 1070 997 et
1093 938 1295 998 Buechelerus
1323 961 1405 1000 mus
1478 981 1479 1016 3

305 1027 401 1088 Rhen.
420 1025 545 1084 XXXV
563 1025 624 1083 399
636 1045 657 1083 s.
680 1026 712 1083 in
734 1023 878 1103 producta
900 1044 919 1082 a
937 1021 1054 1083 Catullo
1076 1023 1193 1102 syllaba
1213 1027 1316 1104 prima
1339 1046 1405 1086 non

306 1110 435 1170 offendet
461 1112 513 1190 qui
533 1109 720 1169 Lachmanni
746 1108 785 1167 ad
805 1109 891 1168 Luer.
914 1109 932 1167 I
955 1109 1017 1166 360
1044 1106 1274 1188 disputationem
1304 1113 1403 1170 novit.

306 1205 435 1257 ceterum
451 1214 551 1254 mucro
568 1197 611 1254 rei
625 1214 729 1273 parum
742 1193 838 1253 adhuc
854 1200 1032 1272 perspectus.
1067 1195 1206 1252 nimirum
1223 1202 1316 1273 poeta
1334 1215 1405 1256 ver·

304 1281 352 1342 bis
377 1301 557 1356 namquo-
580 1281 700 1338 scribtor
729 1299 788 1359 quo
814 1277 901 1337 modo
927 1279 1149 1338 irrumationem
1178 1297 1270 1358 quam
1295 1287 1405 1341 tantae
1478 1349 1479 1364 χ

305 1365 446 1425 rivalium
471 1363 654 1424 multitudini
678 1365 807 1423 minatus
834 1371 878 1422 est
903 1363 1058 1421 effecturus
1082 1365 1120 1421 sit
1141 1362 1286 1422 declarat:
1318 1365 1405 1425 ‘licet

305 1460 424 1511 centum
450 1469 488 1508 an
515 1449 636 1509 ducenti
662 1451 734 1520 sitis,
762 1467 864 1507 omnes
886 1467 947 1506 una
968 1447 1116 1507 irrumabo
1139 1467 1174 1506 eo
1196 1455 1230 1506 ut
1252 1469 1404 1526 magnum

305 1554 459 1595 numerum
494 1535 688 1594 obscenarum
722 1533 883 1610 figurarum
918 1533 950 1591 in
980 1532 1077 1591 fronto
1107 1532 1248 1593 tabernae
1279 1544 1404 1596 vestrae

305 1619 489 1699 adpingam'.
530 1625 608 1677 errat
634 1625 733 1677 autem
758 1626 859 1697 aperte
884 1617 1034 1690 Hertzius,
1061 1620 1114 1697 qui
1139 1617 1265 1677 eandem
1292 1639 1403 1680 vocem
1478 1643 1479 1702 ζ

305 1705 446 1764 Petronio
469 1721 588 1782 qnoque
609 1709 662 1761 sat
681 1703 721 1759 22
739 1703 813 1776 init,
834 1701 889 1762 ubi
910 1704 1091 1778 sopitionibus
1114 1705 1146 1761 in
1167 1703 1250 1762 libris
1273 1713 1331 1778 est,
1358 1725 1404 1766 re·
1478 1727 1479 1732 ¹

308 1788 497 1861 stituendam,
524 1789 620 1864 magis
645 1807 716 1848 vero
743 1787 833 1847 etiam
859 1787 895 1846 F.
918 1787 1092 1860 Schoellius,
1119 1789 1172 1867 qui
1197 1809 1266 1847 ann.
1292 1789 1404 1869 philol.

307 1874 413 1934 CXXI
423 1872 494 1946 488,
513 1894 541 1931 n.
552 1874 593 1932 30
611 1879 641 1932 et
659 1873 720 1930 495
730 1893 752 1932 s.
775 1892 876 1932 veram
898 1875 962 1931 eius
983 1872 1108 1931 formam
1125 1875 1214 1950 sopio,
1236 1894 1299 1934 non
1319 1879 1404 1952 sopio

307 1978 370 2020 esse
388 1959 534 2037 opinatur.

370 2044 514 2103 XXXIX
533 2045 569 2101 11
586 2045 702 2120 piopriis
720 2041 835 2119 glossae
848 2042 1012 2102 Vaticanae
1025 2043 1058 2100 in
1072 2043 1145 2102 Maii
1159 2041 1270 2102 classic.
1285 2051 1403 2104 auctor.
1478 2067 1479 2126 j

306 2130 441 2190 vnete
455 2127 545 2204 (conf.
558 2128 678 2187 Persius
695 2127 798 2187 11174
812 2129 963 2202 pinguibus
978 2123 1112 2202 Umbris).
1144 2145 1252 2203 pareus
1265 2128 1296 2188 V
1310 2130 1402 2203 male,
1478 2129 1479 2132 ’

306 2234 404 2294 neque
434 2215 513 2273 enim
544 2213 667 2273 dubium
699 2215 772 2294 quin
797 2212 911 2271 Umber
936 2231 1065 2291 quoque,
1096 2214 1172 2272 sicut
1196 2212 1345 2274 Etruscus
1372 2223 1403 2274 et
1478 2217 1479 2278 i

305 2299 492 2370 Lanuvinus,
519 2298 647 2377 epitheto
674 2298 711 2358 de
738 2315 859 2376 corpore
885 2305 999 2376 sumpto
1025 2303 1143 2355 notatus
1164 2296 1262 2356 fuerit.
1300 2301 1404 2372 fartus

306 2385 446 2456 Venator,
465 2402 553 2462 quem
570 2385 720 2464 Hauptius
738 2389 854 2442 secutus
869 2392 921 2442 est.
957 2381 1009 2442 sed
1022 2380 1078 2442 hoc
1089 2381 1211 2462 reliquis
1224 2387 1403 2446 commentis

307 2471 362 2528 vix
379 2467 568 2545 probabilius.

371 2553 430 2611 XL
449 2552 466 2609 5
486 2553 570 2612 uncis
595 2550 702 2610 inclusi
727 2559 762 2610 ut
783 2551 988 2611 adulterinum.
1028 2571 1099 2610 nam
1124 2551 1217 2612 verba
1242 2554 1311 2627 qaid
1333 2545 1405 2612 vir?

288 2657 375 2696 'curn
397 2639 507 2715 optime
532 2636 741 2696 continuentur
766 2635 880 2696 duabus
902 2637 1182 2712 interrogationibus
1203 2657 1222 2695 a
1243 2655 1272 2697 v.
1291 2639 1308 2695 1
1330 2639 1400 2698 et3
1478 2711 1479 2714 Ἴ

308 2721 530 2803 incipientibus,
558 2739 674 2780 omnem
699 2723 840 2781 amittunt
860 2725 922 2780 vim
947 2739 1035 2781 versu
1059 2721 1077 2779 5
1100 2722 1285 2800 interposito,
1311 2725 1403 2804 isque
1478 2715 1479 2732 ¹

307 2810 373 2886 ipse
394 2826 451 2868 nae
471 2806 549 2866 bene
571 2805 708 2866 cohaeret
730 2825 796 2864 oum
818 2825 991 2885 praegressa
1013 2807 1147 2866 oratione
1167 2814 1197 2866 et
1219 2811 1402 2867 sententiam

309 2893 408 2954 verbis
435 2912 491 2968 quo
521 2893 594 2950 labet
619 2921 662 2932 -
688 2883 794 2967 optas?
819 2911 988 2970 expressam
1013 2899 1217 2970 praeoccupat.
1266 2898 1403 2952 ceterum

309 2977 424 3038 codices
451 2984 553 3037 eontra
578 2983 704 3036 metrum
726 2997 764 3033 ao
785 2985 816 3034 at
837 2981 1033 3052 perveniamus
1055 2979 1085 3034 in
1106 2995 1132 3034 o.
1150 2997 1177 3034 a.
1212 2977 1312 3056 itaque
1336 2999 1403 3038 non
1478 3029 1479 3032 ,

309 3063 413 3122 dubito
443 3065 516 3143 quin
540 3063 615 3122 haec
640 3061 739 3134 verba,
771 3080 838 3120 eum
863 3064 999 3140 primitus
1025 3060 1113 3122 adv.
1138 3063 1156 3120 6
1183 3063 1404 3142 interpretandi

310 3168 400 3208 causa
425 3148 574 3228 adscripta
595 3146 727 3220 fuissent,
754 3153 856 3225 postea
881 3165 934 3226 per
955 3165 1082 3206 errorem
1102 3149 1136 3206 in
1160 3147 1257 3227 ipsum
1277 3166 1402 3208 carmen

309 3237 368 3292 irre
389 3235 487 3292 serint.

367 3252 466 3376 IXLII
484 3319 523 3376 13
544 3319 614 3391 facit
635 3317 746 3397 scripsi,
773 3315 853 3396 quod
879 3323 946 3395 post
967 3316 1030 3375 vidi
1054 3317 1115 3374 iam
1142 3315 1180 3375 ab
1204 3315 1403 3376 Halbertsma

309 3401 465 3459 inventum
482 3420 545 3461 esse
561 3420 766 3481 mnemosynes
784 3423 813 3462 n.
833 3421 855 3460 s.
873 3402 904 3463 V
921 3402 991 3462 335.
1020 3403 1095 3475 focis
1113 3400 1228 3461 codices
1246 3410 1275 3461 et
1293 3400 1403 3462 editio·
1478 3457 1479 3460 ,

311 3503 364 3544 nes
381 3503 489 3544 omnes.
528 3493 559 3544 at
575 3486 705 3565 puellam
721 3507 782 3545 non
800 3485 837 3544 ab
855 3489 919 3566 ipso
937 3494 1025 3565 poeta
1037 3485 1199 3565 conpellari
1218 3506 1284 3546 cum
1300 3507 1329 3544 v.
1346 3490 1400 3562 21,

309 3577 374 3628 tum
399 3572 475 3628 ratio
506 3571 595 3629 totius
626 3573 762 3630 carminis
793 3570 982 3631 demonstrat.
1025 3570 1289 3651 hendecasyllabos
1315 3575 1402 3632 enim

309 3676 378 3716 suos
404 3663 555 3735 tamquam
579 3657 729 3715 ministros
753 3655 832 3715 foras
859 3659 950 3717 mittit
977 3655 1119 3729 Catullus,
1146 3665 1180 3714 ut
1204 3677 1257 3735 pro
1279 3675 1311 3716 se
1332 3677 1401 3718 renr
1478 3711 1479 3728 ,

308 3748 423 3819 gerant,
447 3759 562 3820 eosque,
586 3747 740 3819 postquam
761 3743 889 3818 primum
910 3743 1053 3821 impetum
1074 3762 1135 3800 non
1157 3745 1330 3802 successisse
1353 3745 1399 3802 in·

309 3827 433 3900 tellexit,
456 3825 495 3885 ad
516 3846 627 3885 novum
647 3823 827 3886 adhortatur.
872 3826 959 3886 lectio
981 3826 1131 3898 librorum,
1158 3847 1217 3907 qua
1238 3825 1397 3888 manifesto

310 3912 445 3972 turbatur
458 3913 610 3989 egregium
627 3930 740 3990 poema,
759 3911 841 3971 facili
860 3929 956 3972 errore
970 3929 1008 3971 ex
1020 3914 1201 3992 praegressis
1213 3913 1399 3990 imperativis

308 3998 378 4056 oriri
404 3999 507 4076 potuit,
534 3996 778 4077 quemadmodum
803 4018 831 4056 v.
852 3998 892 4055 14
916 4015 1035 4077 quoque
1060 3998 1093 4056 in
1114 3998 1144 4056 V
1164 3996 1239 4056 falso
1265 3996 1399 4056 secunda

308 4100 435 4160 persona
455 4082 540 4142 verbi
561 4103 614 4163 pro
633 4085 720 4142 tertia
741 4085 838 4161 posita
857 4090 908 4142 est.
944 4091 1035 4141 restat
1051 4091 1085 4140 ut
1103 4084 1191 4140 etiam
1210 4101 1314 4141 sonum
1331 4102 1399 4164 per·

306 4185 398 4244 quam
415 4169 563 4244 ingratum
581 4167 786 4230 emendatione
805 4187 823 4227 a
839 4187 887 4229 me
903 4175 1021 4246 recepta
1037 4166 1103 4227 tolli
1121 4166 1226 4226 dicam.
