2968 4990
284 337 380 380 cxvm
668 331 846 376 aurionno
868 333 991 377 omncs

284 475 375 517 sonus
391 454 549 516 verborum
567 454 751 529 quaeritando
769 459 848 511 tanto
865 455 1019 514 vicinitate
1036 453 1166 514 effectus.
1184 486 1227 496 -
1245 455 1287 514 25
1309 463 1395 518 ante

285 541 327 600 24
352 541 507 601 conlocavi
534 559 600 598 cum
628 539 745 597 Murato
771 537 904 618 aliisque.
931 569 975 580 —-
1001 540 1041 598 26
1068 542 1150 598 niuea
1175 541 1287 616 citaque
1316 544 1395 618 biqa

283 625 432 686 Handius.
476 628 552 683 nicee
580 626 684 698 citaque
710 625 770 698 biqe
795 623 845 682 vel
872 623 981 682 similia
1007 623 1085 682 libri.
1128 627 1223 684 niveae
1250 629 1394 703 citaeque

282 713 364 787 tique
384 711 485 786 vulgo,
508 717 538 768 et
559 711 601 767 sic
618 709 777 786 Hauptius.
817 729 831 766 e
847 707 946 768 littera
966 707 1047 768 baud
1068 729 1135 768 raro
1156 730 1210 789 pro
1227 731 1248 769 a
1264 714 1392 791 scripta

282 799 316 856 in
343 796 495 856 codicibus
518 792 703 864 Catulliana,
726 792 809 852 velnt
831 813 855 852 c.
872 791 922 852 XI
942 795 959 851 'i
982 813 1035 868 que
1050 813 1105 872 pro
1123 815 1180 869 quc
1197 795 1226 856 G
1252 796 1389 876 aliique,

282 881 394 940 LXIII
404 881 443 939 89
453 882 518 953 fecit
532 899 585 959 pro
597 881 668 952 facit
685 885 801 937 tantum
814 897 875 938 non
893 897 994 938 omnes
1011 879 1161 957 praebent
1171 910 1214 920 -
1224 882 1264 938 22
1285 886 1392 941 nostri

282 969 324 1024 sie
341 965 419 1038 librI,
437 966 496 1024 nisi
513 962 593 1044 quod
611 963 638 1025 Ο
656 966 751 1035 vestri,
771 962 800 1024 G
817 983 850 1020 ve
867 958 948 1037 (sscr.
966 959 1079 1037 no)stri
1095 962 1192 1024 babet
1228 984 1258 1023 v.
1274 966 1389 1026 West·

282 1051 416 1130 phalium
437 1070 466 1129 p.
486 1050 548 1107 224
557 1069 579 1108 s.
606 1050 768 1109 rectissime
790 1047 828 1108 de
852 1048 941 1108 huius
967 1048 1104 1108 lectionis
1125 1051 1251 1110 veritate
1273 1049 1388 1131 dispu-

282 1144 404 1196 tantem.
445 1133 523 1195 conf.
547 1135 636 1194 etiam
657 1133 780 1192 Ellisius
802 1136 835 1192 in
857 1133 956 1193 adnot.
976 1135 1036 1192 crit
1056 1141 1086 1193 ct
1106 1135 1139 1192 in
1161 1139 1385 1197 commentario

280 1242 309 1300 p.
329 1221 399 1279 155.
433 1223 523 1279 vostri
539 1223 590 1278 aim
608 1239 675 1278 cum
693 1217 847 1294 Scaligero
864 1217 1074 1278 Lachmannus
1093 1225 1122 1278 et
1139 1219 1304 1298 Hauptius.

344 1306 436 1367 LVII
454 1307 472 1364 6
490 1307 599 1380 penem
616 1303 740 1377 codices,
758 1302 840 1382 quod
857 1302 955 1362 deleta
973 1322 1040 1362 curn
1052 1304 1167 1381 Heysio
1184 1324 1263 1384 quae
1280 1305 1382 1384 vulgo

280 1399 348 1471 post
361 1393 474 1468 pariter
495 1391 617 1470 ponitur
633 1389 871 1467 interpunctione
888 1391 967 1461 satis,
990 1396 1024 1447 ut
1041 1388 1167 1461 videtur,
1190 1388 1381 1452 defensionis

280 1477 378 1549 habet
410 1475 588 1555 reduxitque
617 1476 677 1532 iam
703 1472 858 1532 Vahlenus
883 1475 916 1531 in
941 1473 1070 1552 Hauptii
1100 1473 1229 1534 editione
1256 1485 1378 1555 quarta.

278 1561 359 1621 coni.
378 1560 529 1640 disputata
545 1559 583 1618 ab
602 1577 637 1618 eo
654 1560 687 1616 in
703 1559 853 1636 prooemio
870 1556 931 1617 ind
949 1557 1015 1618 lect.
1029 1558 1127 1618 Berol.
1140 1565 1213 1618 aest.
1230 1579 1258 1621 a.
1279 1562 1378 1636 1880,

278 1669 310 1726 p.
325 1647 353 1704 4.
381 1648 475 1704 tenelli
489 1645 649 1722 Hauptius.
668 1673 710 1683 -
730 1643 747 1699 7
766 1641 932 1703 lecticuloO
950 1643 1039 1714 solus,
1058 1643 1266 1704 Baehrensius.
1295 1648 1379 1706 conf.

280 1731 390 1790 Munro
409 1731 471 1789 crit.
491 1730 550 1787 131
565 1749 586 1788 s.
622 1731 722 1786 lectulo
741 1727 848 1807 reliqui
864 1727 942 1801 libri,
960 1735 990 1788 et
1008 1731 1050 1787 sic
1066 1729 1225 1806 Hauptius.

344 1815 421 1875 LIX
440 1820 456 1873 1
477 1817 544 1888 ruso
559 1815 665 1886 Rufum
682 1815 708 1871 io
726 1814 838 1892 scripsi.
873 1816 940 1887 ruso
957 1815 1050 1886 rusum
1067 1814 1104 1873 V.
1138 1815 1218 1888 Rosa
1233 1815 1380 1889 Rufulson

278 1901 492 1962 Lachmannus
509 1908 539 1960 at
556 1899 706 1978 Hauptius
724 1918 791 1956 cum
807 1895 903 1957 Italis.
935 1897 973 1957 de
990 1900 1073 1958 cuius
1091 1901 1280 1960 coniecturae
1296 1905 1380 1962 veri-

277 1995 340 2048 tate
362 1989 422 2046 iam
444 1985 646 2064 Westphalius
668 2005 696 2064 p.
717 1985 777 2042 137
800 1983 910 2062 aliique
935 1987 1000 2043 iure
1027 1983 1247 2044 dubitavcumt.
1292 1991 1382 2066 prior

278 2094 340 2132 vox
362 2074 388 2131 si
408 2093 461 2151 pro
485 2071 614 2151 epitheto
633 2071 784 2148 accipitur,
808 2067 923 2148 aliquid
944 2070 1090 2128 acuminis
1111 2071 1212 2129 versui
1228 2071 1379 2132 accedere

278 2165 413 2238 apertum
442 2163 493 2217 cst.
537 2154 614 2215 conf.
637 2155 746 2214 Munro
770 2155 832 2212 crit
856 2155 924 2212 134.
969 2155 1098 2213 nominis
1124 2173 1195 2214 vero
1220 2155 1305 2234 quod
1332 2168 1380 2218 est

278 2245 372 2318 Rufus
391 2242 554 2303 deminutio
572 2240 681 2299 rationi
698 2239 837 2299 carminis
854 2240 908 2298 vix
925 2246 1003 2317 apta

343 2327 403 2385 LX
422 2329 440 2385 5
463 2348 482 2384 a
505 2322 698 2401 (coniunctim
720 2325 862 2402 scriptum
883 2343 951 2384 cum
972 2343 1047 2386 voce
1072 2343 1148 2404 quac
1171 2324 1319 2404 sequitur)
1338 2328 1379 2388 V.

276 2408 316 2471 ab
332 2412 404 2471 Hau
424 2412 491 2470 tius.

343 2433 423 2555 LXI
438 2494 563 2554 21-25
580 2494 702 2574 quando
725 2496 758 2553 in
775 2494 896 2573 stropha
912 2515 990 2574 quae
1006 2493 1156 2554 antecedit
1177 2515 1287 2573 sponsa
1305 2517 1378 2558 cum

278 2583 397 2644 Venere
418 2587 579 2658 conparata
600 2587 652 2649 est,
680 2578 851 2659 etquidem
874 2600 941 2639 cnm
962 2580 1079 2639 Venere
1106 2579 1201 2660 qualis
1223 2582 1255 2639 in
1279 2592 1379 2643 certa-
1478 2631 1479 2658 ÷

278 2670 359 2728 mine
380 2664 609 2746 pulchritudinis
626 2663 730 2723 Paridi
753 2664 845 2724 iudici
868 2664 1105 2744 conspiciendam
1126 2685 1190 2725 sese
1212 2666 1374 2742 obtulerat,
1478 2659 1479 2695 l

278 2754 402 2834 quaevis
423 2771 503 2811 nova
525 2753 696 2829 conparatio
718 2749 757 2808 ad
782 2748 1034 2829 pulchritudinem
1054 2751 1162 2810 Viniee
1189 2751 1377 2812 efferendam

278 2841 414 2898 instituta
441 2835 600 2896 admodum
625 2834 770 2913 languida
797 2842 850 2896 est.
899 2834 1015 2895 accedit
1041 2834 1121 2915 quod
1143 2837 1220 2894 inter
1241 2840 1378 2914 priorem
1476 2861 1477 2880 ¹

278 2945 346 2984 cum
372 2924 489 2983 Venere
516 2930 546 2981 et
575 2925 767 3001 posteriorem
794 2940 862 2980 cum
886 2928 983 3000 myrto
1011 2923 1251 2999 conparationem
1276 2924 1377 2983 verba

276 3008 424 3090 quaedam
442 3009 616 3087 interposita
629 3014 698 3066 sunt
712 3024 788 3086 quae
805 3025 867 3065 non
880 3006 919 3065 ad
936 3005 1070 3078 formam,
1089 3005 1141 3066 scd
1159 3005 1198 3064 ad
1213 3010 1375 3083 ingenium

277 3112 432 3175 moresque
457 3093 568 3152 Viniae
595 3099 736 3171 spectant.
781 3090 888 3171 quodsi
912 3099 1016 3172 reputo
1043 3109 1082 3150 ne
1104 3092 1223 3168 singula
1248 3092 1374 3171 quidem

277 3181 440 3239 offensione
461 3197 558 3238 vacua
580 3196 652 3249 esse,
679 3197 746 3236 cum
763 3196 792 3234 v.
811 3177 851 3234 23
870 3175 972 3235 addita
995 3175 1035 3235 ad
1052 3175 1300 3255 Hamadryadum
1319 3197 1373 3237 no·
1472 3195 1473 3198 ’

278 3283 348 3322 men
373 3283 433 3322 vox
459 3264 527 3320 deoc
552 3264 700 3322 communi
725 3269 858 3321 veterum
884 3261 923 3321 de
951 3262 1008 3320 hoc
1034 3279 1143 3337 genere
1168 3262 1372 3340 nympharum

276 3349 412 3426 opinioni
429 3349 550 3407 minime
571 3349 728 3407 conveniat
750 3341 833 3422 (nam
850 3347 992 3406 Nonnum
1010 3349 1062 3426 qui
1079 3346 1252 3425 Dionysiac.
1270 3347 1372 3406 XXII
1471 3341 1472 3353 ¹

279 3432 340 3491 118
361 3426 563 3508 Ἀμαδρυάδος
585 3427 616 3489 δὲ
632 3427 756 3508 θεαίνης
777 3431 854 3490 dixit
875 3452 937 3491 non
959 3429 1050 3506 curo),
1077 3451 1105 3489 v.
1125 3433 1163 3490 25
1187 3439 1287 3490 autem
1308 3452 1371 3492 me·

276 3520 352 3577 trica
377 3517 500 3576 licentia
529 3518 700 3575 inveniatur
730 3536 877 3596 nusquam
903 3516 976 3576 alibi
1002 3516 1139 3589 admissa,
1170 3519 1371 3594 suspicionem

276 3603 473 3683 interpolatae
491 3600 628 3680 strophae
645 3601 719 3660 mibi
735 3605 848 3661 moveri
865 3601 968 3661 fateor.
987 3634 1029 3644 -
1052 3602 1091 3660 68
1110 3604 1193 3659 nitier
1208 3602 1370 3662 Aventius.

277 3692 356 3748 vities
376 3687 412 3749 O.
439 3690 524 3747 vicies·
542 3686 580 3747 G.
609 3688 712 3760 cinqier
728 3686 880 3766 Hauptius
898 3706 965 3746 cum
983 3686 1156 3747 Schradcro.
1167 3688 1291 3746 -eoa
1310 3690 1370 3746 Aa·

276 3775 421 3834 renouata
438 3771 474 3834 Ο.
514 3773 685 3830 Arunculeio
703 3770 732 3831 G
755 3791 821 3830 cum
839 3772 960 3852 reliquis
977 3771 1134 3900 plerisque,
1158 3779 1189 3832 et
1204 3773 1247 3831 ita
1263 3773 1371 3852 Haup-

275 3864 344 3920 tius.
363 3889 407 3901 —-
424 3860 464 3918 98
482 3860 545 3916 vide
561 3868 591 3916 ut
608 3856 688 3916 Itali.
722 3859 803 3915 viden
819 3868 850 3915 ut
867 3857 945 3917 libri.
981 3859 1074 3915 viden
1099 3863 1167 3935 post
1184 3857 1259 3917 alios
1272 3857 1371 3917 Lach-

276 3965 403 4004 mannua
429 3943 469 4003 ad
493 3945 582 4003 Lucr.
604 3943 656 4003 III
678 3941 750 4017 954,
779 3943 826 4002 cui
852 3943 1008 4003 obsecutus
1030 3949 1075 4003 est
1096 3943 1254 4022 Hauptius.
1290 3943 1370 4004 conf.

276 4029 313 4088 L.
331 4029 468 4089 Muelleri
484 4028 575 4108 praef.
589 4029 679 4089 XXI.
694 4061 736 4071 -
752 4029 812 4088 127
831 4031 931 4086 iocotio
945 4029 1011 4089 Nic
1025 4028 1177 4088 Heinsius.
1212 4031 1318 4086 locucio
1333 4028 1370 4091 Ο.

275 4117 373 4172 tutatio
392 4114 436 4191 (in
454 4134 545 4192 marg.
565 4117 604 4173 al.
623 4112 736 4192 locutio)
755 4113 793 4174 G.
833 4115 934 4173 locutio
955 4113 1062 4194 reliqui
1084 4113 1201 4175 codices
1223 4114 1370 4194 plerique,
