2968 4990
798 552 862 618 11⁸.

488 683 555 740 tam
571 679 699 759 gratum
716 681 764 738 est
781 671 859 738 mihi
876 694 973 758 quam
990 672 1098 741 ierunt
1114 674 1238 763 puellae

488 764 610 853 pernici
627 764 791 832 aureolum
808 765 907 832 fuisse
925 766 1055 845 malum,

487 859 576 945 quod
592 881 706 925 zonam
725 859 820 924 soluit
837 859 893 924 diu
909 859 1051 946 ligatam.

795 1208 858 1274 111.

486 1328 626 1416 Lugete,
645 1351 664 1393 o
681 1329 824 1396 Veneres
844 1325 1093 1413 Cupidinesque,

487 1433 520 1490 et
537 1433 692 1508 quantum
711 1421 760 1488 es‘t
777 1419 941 1485 hominum
958 1421 1186 1490 venustiorum.

485 1539 597 1604 passer
613 1525 757 1582 mortuus
775 1523 823 1582 est
839 1537 930 1581 meae
946 1516 1082 1600 puellae,

485 1633 606 1697 passer,
624 1609 755 1675 deliciae
773 1630 863 1674 meae
880 1609 1015 1694 puellae,

483 1723 581 1787 quem
598 1703 671 1789 plus
688 1702 743 1767 illa
759 1703 859 1768 oeulis
876 1701 943 1766 suis
960 1702 1105 1778 amabatz

484 1819 562 1862 nam
579 1797 716 1862 mellitus
734 1805 802 1861 erat
818 1816 973 1878 suamque
990 1805 1082 1860 norat

483 1890 587 1975 ipsam
605 1900 671 1954 tam
688 1889 771 1954 bene
788 1911 885 1972 quam
901 1889 1008 1973 puella
1025 1900 1168 1967 matrem,

484 2005 545 2049 neo
564 2005 633 2048 sese
651 2007 671 2048 a
688 1982 809 2068 gremio
827 1982 911 2048 illius
929 1982 1088 2059 movebat,

486 2076 543 2141 sed
561 2075 789 2142 circumsiliens
807 2075 901 2139 modo
919 2073 983 2139 huc
999 2075 1095 2140 modo
1111 2076 1187 2142 illuc

485 2169 528 2234 ad
546 2170 645 2234 solam
664 2168 825 2233 dominam
843 2190 944 2252 usque
960 2169 1112 2254 pipiabet..

484 2263 542 2346 qui
557 2284 642 2327 nuno
659 2262 684 2326 it
700 2284 758 2347 per
775 2261 834 2327 iter
851 2261 1083 2328 tenebricosum

484 2356 571 2433 illuc,
590 2356 675 2420 unde
692 2365 811 2440 negent
827 2355 930 2421 redire
948 2377 1150 2442 quemquam.

484 2460 519 2515 at
535 2449 626 2514 vobis
644 2450 726 2514 male
744 2448 794 2526 sit,
813 2448 916 2514 malae
933 2449 1084 2516 tenebrae

486 2541 576 2620 Orci,
595 2565 677 2627 quae
694 2543 801 2608 omnia
816 2543 902 2608 bella
919 2543 1090 2610 devoratis:

485 2647 552 2702 tam
569 2636 688 2703 bellum
706 2636 785 2700 mihi
801 2659 962 2722 passerem
980 2637 1162 2705 abstulistis.

484 2751 506 2795 o
522 2731 643 2796 factum
659 2729 756 2795 malel
773 2729 805 2795 io
823 2730 943 2795 miselle
982 2731 1082 2796 asseri

484 2825 542 2880 tua
557 2838 643 2881 nune
661 2836 758 2899 opera
775 2837 865 2881 meae
882 2837 944 2900 pue
969 2838 1007 2880 ao

484 2911 590 2976 dendo
608 2909 759 2996 turgiduli
776 2909 891 2975 rubent
908 2910 1009 2975 ocelli.

794 3259 855 3325 IV.

441 3377 599 3445 Phaselus
615 3377 678 3455 ille,
697 3399 792 3463 quem
809 3376 934 3454 videtis,
951 3376 1102 3468 hospites,

442 3473 486 3538 ait
502 3472 601 3536 fuisse
618 3471 747 3536 navium
765 3471 956 3548 celerrimus,

441 3587 546 3649 neque
563 3564 658 3630 ullius
675 3565 812 3632 natantis
828 3565 983 3650 impetum
1000 3563 1097 3630 trabis

441 3659 591 3743 nequisse
610 3659 788 3744 praeterire,
807 3659 873 3724 sive
891 3659 1037 3745 palmulis

442 3775 524 3839 opus
542 3751 625 3816 foret
642 3752 748 3818 volare
766 3753 833 3819 sive
850 3753 957 3818 linteo.

441 3857 474 3914 et
490 3845 551 3912 hoe
567 3854 667 3930 negat
682 3845 814 3911 minacis
831 3846 988 3911 Adriatici

440 3963 560 4027 negare
576 3939 651 4004 litus
668 3939 828 4006 insulasve
847 3938 1005 4026 Cycladas

441 4035 656 4119 Rhodumque
672 4033 813 4099 nobilem
830 4033 1053 4119 horridamque
1070 4031 1242 4099 Thraciam

439 4128 638 4215 Propontide
656 4137 818 4195 trucemve
834 4127 1004 4194 Ponticum
1023 4127 1139 4204 sinum,
