2954 4990
259 331 312 373 LVI
694 325 920 369 rsonaeomerts

259 447 409 528 plerisque
426 448 588 505 orationem
605 447 702 524 potius
720 444 758 505 do
775 443 924 504 sodaliciis
936 444 1096 505 secundam
1108 445 1199 507 fuisse
1213 448 1365 521 arbitror,

260 536 292 592 in
310 553 368 612 qua
386 529 566 592 elaboranda
584 528 711 589 Calvum
731 529 892 609 plurimum
915 548 1021 608 operae
1042 530 1210 592 conlocasse
1228 553 1365 592 consen-
1459 549 1460 558 ¹

260 627 381 678 tansum
408 624 460 688 est,
487 617 628 695 quoniam
653 633 736 674 reum
762 634 781 672 a
808 613 950 674 Cicerone
976 613 1130 675 defensum
1154 619 1192 676 iri
1218 627 1359 678 noverat.

261 705 315 763 etsi
332 705 411 762 enim
427 702 583 761 Vatinium
605 702 666 758 iam
683 720 709 758 a.
729 693 843 777 696l58
866 698 1045 778 postulatum
1063 719 1127 761 esse
1147 701 1215 778 lege
1233 701 1364 762 Licinia

259 788 349 848 Iunia
362 807 378 847 e
393 785 544 846 Ciceronis
557 786 591 843 in
605 803 673 844 eum
685 785 915 860 interrogatione
930 783 997 858 §33
1007 782 1034 843 ‘s.
1049 789 1231 865 perspicitur,
1249 795 1360 846 tamen

259 881 323 932 turn
338 873 480 951 temporis
494 869 621 930 Calvum
633 870 711 929 inter
727 876 912 928 accusatores
930 872 993 928 eius
1010 867 1102 930 fuisse
1116 891 1176 930 non
1194 873 1265 931 satis
1283 892 1363 931 con-

261 964 378 1018 stat-
394 975 499 1036 parum
522 956 602 1014 enim
624 954 694 1012 fidei
715 954 827 1014 habent
848 953 962 1013 scholia
978 954 1139 1015 Bobiensia
1153 975 1188 1035 ·p.
1209 957 1270 1014 323
1291 955 1360 1030 On,

259 1041 379 1122 quando
397 1048 426 1100 et
443 1043 476 1100 in
493 1041 615 1099 crimine
633 1038 793 1099 adferendo
813 1047 857 1098 est
874 1047 1002 1098 erratum
1019 1071 1069 1112 -,
1093 1039 1184 1120 idque
1205 1041 1359 1100 iudicium

259 1130 292 1188 vi
308 1127 422 1187 Vatinii
441 1134 471 1185 ot
487 1125 522 1184 P.
542 1123 639 1184 Clodii
663 1123 860 1183 disturbatum
882 1132 934 1196 est,
956 1134 990 1184 ut
1011 1122 1146 1190 dubitare
1168 1126 1257 1185 liceat
1278 1148 1357 1186 num

260 1211 479 1273 accusatoribus
498 1211 617 1268 omnino
640 1211 726 1288 copia
743 1207 885 1288 loquendi
902 1209 972 1268 data
992 1208 1089 1268 fuerit.
1125 1210 1228 1271 eodem
1252 1221 1357 1274 autem

258 1296 447 1358 hauddubie
469 1314 623 1373 annoque
647 1293 777 1353 secunda
797 1295 885 1353 tertia
903 1313 1019 1373 quoque
1037 1293 1124 1354 Calvi
1146 1297 1178 1354 iu
1195 1295 1357 1356 Vatinium
1464 1301 1465 1316 ¹

260 1384 353 1443 oratio
370 1382 474 1441 habita
491 1387 543 1439 est.
574 1380 685 1439 etenim
702 1399 728 1438 a.
749 1376 863 1446 700154
879 1379 926 1438 bis
943 1378 1085 1438 iudicium
1103 1378 1214 1439 factum
1231 1400 1298 1440 esse
1317 1382 1356 1442 de
1464 1405 1465 1472 ὲ

258 1469 381 1528 Vatinio
394 1464 595 1545 Nipperdeius
613 1483 711 1543 opusc.
730 1483 758 1541 p.
774 1465 834 1522 336
849 1467 1010 1524 rectissIme
1026 1464 1096 1524 inde
1110 1466 1255 1525 conclusit
1270 1466 1357 1546 quod

260 1552 365 1612 Cicero
383 1553 466 1629 epist.
485 1549 524 1608 ad
541 1549 633 1607 famil.
651 1548 704 1606 Ι“9
721 1551 740 1606 4
756 1556 784 1608 et
799 1549 837 1606 19
855 1568 917 1607 non
935 1548 1029 1608 solum
1047 1548 1248 1610 defensionem
1267 1572 1356 1610 suam

259 1638 383 1708 Vatinii,
407 1634 460 1695 sed
477 1635 567 1693 etiam
584 1631 785 1692 laudationem
806 1633 975 1693 iudicialem
997 1643 1212 1694 commemorat.
1230 1636 1303 1706 ,sed
1322 1645 1359 1696 ut
1464 1627 1465 1692 Ῠ

259 1728 443 1782 revertamur
459 1718 539 1780 unde
562 1717 693 1794 degressi
715 1738 828 1792 sumus,
851 1738 889 1779 ex
911 1721 954 1778 eis
975 1738 1052 1798 quae
1074 1723 1264 1798 exposuimus
1285 1741 1357 1800 pro-
1464 1719 1465 1786 ἶ

260 1805 400 1866 habiliter
417 1803 544 1866 efficitur
558 1823 582 1862 c.
593 1803 673 1863 XIV
683 1801 794 1862 Catulli
806 1824 867 1863 non
881 1811 950 1864 ante
964 1804 1135 1864 Saturnalia
1146 1809 1219 1865 anni
1234 1806 1355 1881 casses
1464 1821 1465 1884 t

261 1892 404 1969 scriptum
422 1909 494 1963 esse,
513 1891 599 1968 eique
616 1891 801 1948 coniecturae
819 1891 908 1948 etiam
925 1889 964 1947 ab
985 1889 1045 1948 illis
1063 1909 1138 1968 quae
1160 1910 1250 1969 supra
1267 1899 1297 1950 et
1317 1891 1357 1950 de
1464 1885 1465 1902 ¹

261 1977 370 2036 amoris
383 1975 512 2034 Lesbiae
532 1981 562 2033 et
579 1973 617 2033 da
634 1975 748 2034 itineris
765 1973 918 2052 Bithynici
935 1975 1115 2053 temporibus
1135 1974 1357 2055 disputavimus

262 2061 336 2121 fides
351 2060 477 2120 additur.
512 2078 609 2139 neque
622 2078 693 2119 vero
710 2079 788 2118 anuo
804 2056 917 2137 caelet>
931 2061 1076 2138 posterius
1094 2079 1158 2120 esse
1174 2060 1231 2120 hoc
1246 2081 1358 2139 poema

261 2146 463 2206 iudicaverim.
498 2163 569 2203 nam
586 2165 613 2203 a.
628 2140 744 2221 700J54
759 2143 885 2203 Calvum
901 2146 935 2202 in
952 2144 1068 2221 agenda
1084 2144 1233 2206 laboriosa
1250 2145 1357 2207 Sullae

259 2232 430 2292 litteratoris
452 2249 543 2289 causa
565 2237 739 2308 occupatum
761 2229 851 2288 fuisse
873 2249 976 2307 parum
999 2239 1044 2289 est
1065 2229 1213 2303 credibile,
1241 2225 1357 2310 quippe

261 2336 319 2397 quo
336 2335 446 2375 nomen
462 2316 577 2374 Vatinii
594 2314 641 2373 bis
658 2314 697 2373 ad
714 2313 827 2374 iudices
845 2313 990 2374 detulerit.
1021 2322 1113 2375 restat
1129 2324 1162 2374 ut
1180 2315 1217 2374 de
1235 2335 1259 2374 c.
1271 2315 1357 2375 LIII

261 2401 402 2474 dicamus,
421 2402 453 2458 in
471 2419 529 2477 quo
546 2406 633 2477 poeta
650 2419 740 2458 unam
758 2418 797 2458 ex
814 2403 911 2458 causis
924 2398 1040 2459 Vatinii
1054 2401 1117 2478 ipse
1134 2411 1356 2460 commemorat.
1464 2417 1465 2422 ’

260 2493 363 2544 narrat
380 2485 460 2543 enim
482 2483 611 2562 aliquem
633 2501 650 2542 e
673 2504 789 2555 corona,
813 2503 880 2543 cum
897 2483 1024 2544 Calvum
1046 2487 1170 2544 crimina
1187 2485 1356 2545 Vatiniana

261 2564 384 2630 mirifice
403 2567 601 2646 explicantem
619 2568 788 2641 audivisset,
808 2569 1055 2629 admirabundum
1069 2571 1250 2630 exclamasse
1267 2571 1354 2644 haec,

264 2654 308 2713 ‘di
333 2656 447 2730 magui,
479 2652 659 2731 salaputium
689 2653 859 2712 disertum!’
895 2674 954 2734 qua
983 2657 1016 2714 in
1046 2655 1261 2715 exclamatione
1291 2676 1356 2714 vox
1464 2659 1465 2666 ’

261 2739 381 2819 plebeia
398 2739 539 2817 salaputii
562 2738 600 2797 ad
622 2739 777 2817 parvulam
796 2738 883 2799 Calvi
904 2747 1046 2798 staturam
1067 2748 1188 2818 spectat,
1210 2760 1300 2819 quam
1323 2750 1358 2800 et

262 2825 376 2885 Seneca
398 2832 575 2884 controvers.
595 2824 665 2898 VII,
684 2826 704 2882 4
723 2821 798 2898 (19),
821 2845 850 2904 p.
870 2824 1058 2884 332Kiess1.
1080 2833 1110 2884 et
1128 2824 1254 2884 Ovidius
1276 2827 1357 2885 trist.

261 2912 296 2970 ΙΙ
313 2912 375 2969 431
393 2917 546 2969 testantur.
581 2908 634 2968 hos
652 2909 813 2970 versiculos
836 2909 875 2968 ad
893 2929 1010 2968 causam
1029 2910 1066 2969 de
1083 2910 1231 2970 sodaliciis
1248 2909 1357 2969 referri

261 2995 351 3056 facile
376 2995 447 3055 inde
473 2994 595 3071 colligas
622 2995 703 3074 quod
728 2997 820 3053 oratio
848 3014 883 3054 ea
908 2997 941 3054 in
963 3015 1052 3054 causa
1073 2994 1110 3053 ab
1134 2995 1227 3054 Calvo
1249 2995 1359 3055 habita
1464 2985 1465 2994 ἦ

262 3083 394 3140 omnium
411 3082 474 3140 eius
492 3083 524 3139 in
537 3080 691 3139 Vatinium
710 3082 938 3151 accusationum,
956 3087 990 3138 ut
1007 3081 1142 3152 vidimus,
1162 3079 1359 3140 celeberrima
1464 3081 1465 3104 ¹

262 3165 327 3223 fuit.
363 3164 477 3224 accedit
499 3165 579 3245 quod
601 3165 705 3225 eadem
727 3166 804 3223 actio
826 3167 859 3224 in
881 3185 904 3224 c.
927 3165 1036 3224 XLIX
1057 3165 1224 3242 significata
1246 3167 1303 3238 est,
1325 3169 1357 3224 si

262 3249 382 3328 quidem
399 3257 478 3309 recte
495 3249 528 3308 id
545 3270 634 3329 supra
651 3252 835 3328 interpretati
853 3270 960 3310 sumus,
997 3250 1244 3330 quemadmodum
1260 3251 1358 3326 igitur

262 3338 319 3392 isto
337 3335 369 3391 in
390 3337 537 3412 poematio
557 3333 694 3394 Catullus
713 3333 885 3394 Ciceronem
903 3338 955 3414 qui
972 3335 1126 3395 Vatinium
1148 3354 1285 3415 prospere
1303 3334 1356 3395 de-

262 3416 399 3477 fenderat
420 3426 454 3476 ut
475 3417 565 3477 vilem
587 3419 740 3478 bominum
768 3421 857 3479 etiam
879 3419 1169 3480 sceleratissimorum
1194 3429 1356 3499 patronum
1464 3463 1465 3494 ,

262 3504 444 3583 perstrinxit,
467 3505 509 3561 ita
526 3505 559 3561 in
575 3503 631 3562 hoc
649 3507 827 3564 accusatoris
845 3505 901 3564 sibi
923 3504 1145 3564 familiarissimi
1162 3509 1214 3585 qui
1231 3506 1359 3566 inferior

262 3589 435 3648 discesserat
465 3589 664 3667 eloquentiam
694 3591 736 3648 ita
767 3588 883 3648 extollit
908 3598 953 3663 ut,
986 3599 1130 3670 quantum
1161 3610 1197 3651 ea
1227 3593 1357 3650 moverit

261 3674 446 3734 audientium
464 3676 586 3740 animos,
605 3672 705 3752 lepido
723 3674 849 3734 alicuius
866 3695 904 3734 ex
922 3677 964 3735 sis
978 3674 1055 3735 dicto
1073 3675 1172 3735 adlato
1192 3675 1357 3734 confirmet

261 3778 338 3838 quae
356 3761 381 3819 si
397 3759 590 3839 probabiliter
608 3758 757 3838 disputata
775 3768 850 3833 sunt,
870 3780 894 3818 c.
909 3760 988 3820 LIII
1001 3780 1102 3820 mense
1118 3759 1263 3835 Quinctili
1281 3762 1356 3820 anni

264 3840 377 3924 700f54
405 3846 546 3924 scriptum
572 3851 625 3904 est.
659 3844 737 3904 conf.
763 3865 791 3903 v.
820 3848 836 3902 1
865 3855 895 3905 et
922 3847 1109 3906 Mattbiesius
1135 3846 1155 3905 l.
1183 3866 1206 3904 c.
1233 3865 1262 3925 p.
1291 3847 1358 3904 100

260 3939 319 3989 not
339 3938 412 3990 ext.
1271 3941 1274 3951 '

323 4015 372 4075 De
394 4036 418 4074 c.
440 4016 515 4076 LVI
537 4013 644 4074 Catoni
671 4014 788 4074 cuidam
814 4018 955 4096 inscripto
981 4015 1146 4075 disserendi
1166 4015 1245 4075 infra
1271 4015 1355 4074 locus

258 4099 325 4160 erit
362 4099 399 4161 de
419 4101 580 4162 Hortensio
605 4099 721 4176 Ortalo,
750 4103 797 4161 cui
822 4110 911 4181 poeta
934 4121 958 4161 c.
980 4102 1069 4162 LXV
1090 4122 1150 4162 una
1176 4121 1244 4160 cum
1271 4121 1359 4160 coma
