2968 4990
543 388 770 432 PROLEGOMEMA
1147 391 1211 436 XCV

117 505 211 568 nullis
227 525 265 566 ex
277 506 462 567 brevioribus
477 526 512 567 eo
525 509 728 586 conprehensa
744 507 835 568 fuisse
849 508 981 568 dicimus.
1009 528 1078 567 nam
1092 515 1212 589 praeter

120 592 178 652 duo
197 591 233 651 de
250 612 370 672 passere
389 596 539 672 poematia
559 597 649 652 etiem
671 597 802 653 carmina
819 595 848 654 V
865 601 895 653 st
911 594 975 654 VH
996 594 1108 654 ibidem
1129 593 1212 654 lecta.

92 719 97 724 -
119 677 211 736 fuisse
233 696 272 738 ex
293 681 539 757 epigrammatum
561 678 706 737 Martialis
729 697 806 758 quae
828 699 918 757 supra
939 678 1091 738 attulimus
1114 678 1211 738 altero

120 761 256 836 eflicitur,
279 765 361 822 onius
384 765 508 822 extremi
529 763 669 822 versiculi
690 765 733 823 ita
749 765 888 824 nimirum
906 771 976 822 sunt
991 764 1208 843 interpretandi

119 855 153 905 ut
169 855 257 926 poeta
274 846 423 908 basiorum
437 847 672 910 Catullianorum
686 868 763 929 quae
780 869 798 908 a
814 869 906 928 puero
924 855 1027 928 poscat
1043 853 1212 928 praemium

118 935 217 1010 ipsum
235 951 303 992 eum
324 933 434 992 librum
455 935 488 992 in
506 953 563 1012 quo
584 932 637 993 ille
654 932 691 992 de
708 937 773 992 istis
790 933 881 993 basiis
899 934 1016 994 edoceri
1032 938 1126 1012 possit
1142 955 1209 1014 pro·

118 1019 236 1076 mittere
254 1025 407 1077 statuatur.
443 1021 563 1077 omnino
582 1025 680 1076 eutem
697 1021 729 1077 in
750 1018 807 1078 hoc
825 1038 944 1098 corpore
961 1039 1023 1078 non
1040 1017 1132 1080 fuisse
1149 1022 1208 1078 nisi

118 1105 236 1160 minora
254 1106 385 1162 carmina
404 1105 557 1175 amatoria,
579 1102 694 1162 ludicra
711 1103 762 1163 vel
779 1107 868 1162 etiam
885 1102 1031 1164 maledica
1048 1105 1209 1164 eorundem

119 1190 366 1266 epigrammatum
382 1192 465 1268 prius
483 1187 673 1259 demonstrat,
696 1188 748 1246 ubi
765 1189 911 1248 Martialis
929 1208 997 1248 suos
1013 1191 1107 1267 ipsius
1125 1189 1212 1249 libel-

86 1342 89 1347 Ι
117 1271 164 1330 los
183 1272 314 1332 ‘lascivis
337 1272 471 1332 madidos
489 1272 575 1331 iocis’
599 1280 628 1332 et
645 1276 767 1332 remissa
783 1272 881 1333 fronte
897 1271 1040 1350 legendos
1057 1293 1125 1332 cum
1142 1295 1210 1353 pas·

119 1376 184 1416 sere
202 1357 313 1418 Catulli
330 1361 373 1416 ita
391 1357 505 1416 confert
521 1365 555 1417 ut
568 1357 693 1417 similem
706 1357 776 1417 huic
792 1357 894 1417 libello
911 1358 1046 1417 habitum
1059 1357 1213 1418 adiudicet:

118 1450 310 1522 opponatque
323 1450 463 1522 utrosque
476 1445 616 1520 gravitati
625 1445 774 1522 epicorum
784 1446 957 1502 carminum.
985 1451 1115 1503 ceterum
1127 1443 1209 1523 quod

117 1527 271 1606 pleraque,
299 1548 358 1586 non
385 1531 484 1586 omnia
509 1536 646 1607 poemata
668 1526 707 1586 ad
729 1547 858 1587 amorem
879 1528 1006 1588 Lesbiae
1028 1531 1215 1607 pertinentia

117 1613 233 1691 passeri
254 1613 449 1682 attribuimus,
476 1632 537 1671 non
558 1611 776 1674 inconsiderate
797 1612 830 1671 id
851 1612 983 1673 fecimus.
1018 1633 1089 1672 nam
1115 1621 1148 1672 ut
1171 1613 1214 1674 de

118 1697 300 1756 carminibus
317 1697 367 1756 XI
384 1705 413 1756 et
430 1696 541 1756 XLIII
558 1697 683 1757 multum
703 1705 772 1777 post
793 1697 922 1758 solutum
938 1719 1006 1758 cum
1027 1698 1081 1757 illa
1103 1697 1215 1758 foedus.

119 1785 281 1861 conpositis
302 1790 452 1842 taceamus
474 1782 569 1861 deque
593 1785 724 1844 carmine
740 1783 879 1843 LXVIII
898 1785 1008 1842 maiore
1026 1790 1055 1842 et
1078 1782 1215 1844 doctiore

119 1887 210 1948 quam
235 1867 315 1947 quod
340 1867 394 1926 tali
414 1867 516 1927 libello
539 1871 705 1941 conveniat,
733 1871 822 1930 etiam
845 1869 889 1927 LI
911 1866 1121 1948 excipiendum
1145 1888 1216 1929 esse

118 1952 304 2025 arbitramur,
324 1956 434 2031 quippe
451 1950 538 2031 quod,
558 1972 625 2011 cum
640 1952 755 2011 duobus
774 1953 810 2012 de
826 1971 946 2032 passere
962 1954 1119 2032 poematiis
1135 1962 1209 2014 tem·

117 2056 192 2117 pore
214 2037 376 2109 antecedat,
405 2036 564 2110 Catullum,
592 2039 619 2094 si
639 2040 760 2096 omnino
781 2041 815 2096 in
835 2037 892 2096 hoc
914 2057 1020 2116 corpus
1040 2040 1213 2117 recepisset,

117 2125 215 2202 primo
247 2122 311 2181 loco
343 2122 562 2180 conlocatarum
593 2120 685 2181 fuisse
714 2123 778 2180 veri
809 2121 905 2182 simile
936 2124 982 2180 sit.
1026 2140 1082 2182 nec
1107 2125 1214 2202 inepte

119 2209 269 2286 suspicere
287 2207 439 2266 exclusum
457 2225 521 2265 esse
538 2226 557 2265 a
570 2214 658 2285 poeta
673 2213 829 2285 propterea
842 2208 913 2286 quia
929 2209 1027 2266 minus
1046 2214 1122 2267 certe
1140 2207 1209 2268 reli-

118 2296 186 2373 quis
205 2291 392 2370 perfectionis
410 2291 507 2350 habet.
542 2290 648 2370 quodsi
663 2291 704 2350 ad
724 2290 962 2370 persuadendum
979 2299 1048 2370 apte
1066 2291 1208 2353 derebus

117 2382 153 2437 iu
167 2395 285 2455 passere
298 2379 429 2436 tractatis
444 2375 667 2455 disputavimus,
685 2397 746 2436 non
758 2375 946 2437 temerarium
960 2376 1050 2436 fuerit
1066 2379 1156 2437 etiam
1170 2377 1214 2438 de

116 2471 251 2542 tempore
274 2482 331 2544 quo
349 2463 397 2520 hic
414 2461 532 2521 libellus
553 2461 696 2542 prodierit
714 2464 898 2522 coniecturae
919 2462 1083 2542 perieulum
1101 2461 1210 2523 faeere.

119 2547 272 2608 Catullum
294 2568 320 2606 a.
340 2542 454 2626 testes
481 2550 574 2606 amori
596 2546 722 2607 Clodiae
745 2567 865 2627 prorsus
885 2550 1109 2622 renuntiavisse,
1138 2567 1212 2608 vere

118 2635 192 2692 anni
213 2634 394 2712 insequentis
417 2636 449 2691 in
466 2630 572 2692 Asiam
594 2632 692 2693 abisse
713 2636 829 2693 scimus.
869 2635 970 2713 itaque
992 2652 1060 2693 eum
1081 2653 1142 2692 non
1164 2637 1215 2692 ita.

118 2718 213 2777 multo
231 2728 299 2778 ante
317 2738 405 2797 quam
423 2717 543 2776 Italiam
560 2717 739 2798 relinqueret
755 2718 787 2776 id
805 2738 910 2797 corpus
928 2718 1008 2798 quod
1025 2717 1171 2778 Martialis
1189 2739 1214 2777 a.

117 2807 214 2883 primo
238 2804 300 2862 eius
323 2804 453 2862 carmine
475 2821 623 2881 passerem
644 2805 764 2862 vocavit
783 2805 816 2862 in
832 2803 940 2880 vulgus
959 2805 1090 2863 emisisse
1108 2803 1209 2861 existi-

119 2906 243 2947 mamus.
279 2891 327 2947 cui
349 2889 533 2947 coniecturae
554 2907 616 2946 non
641 2887 737 2947 solum
759 2886 797 2946 ab
820 2889 967 2948 universis
994 2890 1073 2946 vitae
1096 2886 1210 2946 catulli

117 2972 293 3045 rationibus,
315 2990 418 3031 verum
441 2974 530 3030 etiam
552 2992 570 3031 a
592 2972 717 3047 singulis
744 2971 921 3052 quibusdam
942 2974 1075 3047 vestigiis
1097 2975 1207 3050 praesi-

119 3057 203 3116 dium
220 3063 349 3135 paratur.
380 3056 493 3114 scilicet
508 3059 541 3116 in
560 3076 583 3115 c.
601 3057 678 3116 XVI
693 3059 733 3113 12
743 3077 765 3116 s.
782 3077 850 3115 cum
867 3056 1024 3115 Aurelium
1041 3063 1071 3116 et
1083 3056 1210 3116 Furium

120 3141 231 3201 ‘multa
249 3140 344 3200 milia’
367 3141 516 3200 basiorum
537 3140 671 3218 legisse
693 3143 851 3220 aitpoeta,
874 3140 920 3200 his
937 3141 1045 3214 verbis,
1068 3148 1101 3198 ut
1118 3161 1215 3219 supra.

119 3227 259 3300 diximus,
278 3225 316 3285 ad
335 3245 359 3284 o.
378 3225 407 3286 V
423 3227 551 3305 respicit.
588 3224 667 3306 qnod
685 3226 804 3306 quidem
822 3244 940 3285 carmen
959 3227 1013 3284 etsi
1030 3226 1095 3284 fieri
1111 3228 1215 3305 potuit.

120 3321 154 3372 ut
170 3311 231 3371 illis
254 3330 308 3391 per
329 3311 498 3390 exemplum
518 3313 659 3390 privatim
678 3311 856 3389 descriptum
878 3314 911 3370 in
928 3312 1066 3370 notitiam
1082 3314 1209 3384 veniret,

120 3406 229 3470 tamen,
248 3396 367 3477 quando
383 3399 416 3455 in
433 3414 552 3475 passere
568 3394 693 3456 infuisse
710 3405 821 3457 certum
834 3402 887 3470 est,
905 3395 1010 3476 quidni
1026 3397 1059 3454 in
1075 3395 1132 3456 hoc
1146 3417 1208 3456 cor-

120 3502 193 3562 pore
206 3481 244 3542 ab
258 3485 300 3542 eis
316 3482 426 3542 lectum
443 3482 534 3542 fuisse
543 3480 725 3542 statuamus?
750 3480 840 3560 idque
853 3501 872 3539 a
884 3488 948 3540 tota
960 3484 1080 3560 insuper
1092 3485 1212 3540 ratione

121 3569 259 3627 carminis
273 3568 351 3627 XVI
366 3566 649 3626 commendationem
662 3566 760 3640 habet,
779 3569 811 3626 in
830 3585 887 3646 quo
901 3566 1036 3626 Catullus
1050 3565 1088 3626 de
1100 3575 1208 3626 natura

120 3656 218 3733 poesis
236 3671 307 3712 suae
327 3655 371 3711 ita
388 3653 510 3730 exponit
527 3659 637 3711 utnon
653 3671 815 3731 paucorum
832 3651 1051 3725 versiculorum,
1069 3651 1121 3711 sed
1137 3651 1211 3710 libri

122 3759 142 3798 a
162 3758 193 3798 se
215 3737 288 3798 editi
313 3740 511 3816 patrocinium
533 3741 682 3816 suscipere
703 3736 847 3797 videatur.
882 3736 963 3816 quod
984 3740 1011 3795 si
1032 3755 1136 3796 verum
1154 3743 1207 3808 est,

121 3842 222 3902 passer
246 3827 307 3882 iarn
334 3843 360 3881 a.
379 3818 494 3900 testeo
521 3829 572 3881 aut
598 3817 711 3900 699l55
738 3825 772 3881 in
798 3822 935 3882 manibus
960 3820 1112 3881 hominum
1135 3829 1207 3894 erat,

122 3928 193 3968 num
205 3907 291 3968 alteri
308 3909 367 3966 utri
379 3907 484 3966 horum
499 3927 643 3967 annorum
657 3926 681 3966 c.
689 3908 767 3967 XVI
781 3905 1001 3966 attrIbuendum
1015 3912 1060 3965 est
1073 3901 1163 3980 (conf.
1177 3926 1205 3984 p.

121 3991 287 4062 XXVIH).
314 3990 497 4072 eandemque
507 3992 725 4052 conclusionem
734 4012 758 4051 c.
768 3991 878 4050 XLIII
887 3991 1019 4068 subgerit
1028 4011 1089 4050 non
1098 3998 1214 4050 temere·

121 4097 211 4157 supra
224 4099 253 4158 p.
262 4078 358 4136 XXX
372 4097 449 4137 anno
465 4071 578 4154 699s55
589 4097 608 4136 a
620 4076 706 4138 nobis
720 4076 918 4154 adsignatum,
937 4095 976 4136 ex
989 4079 1073 4136 cuius
1086 4095 1173 4136 versu
1188 4078 1207 4134 7

121 4166 298 4243 perspicitur
312 4162 422 4223 Catulli
437 4161 473 4222 de
485 4162 596 4223 Lesbia
611 4166 759 4243 poematia
772 4169 835 4222 tum
848 4162 987 4242 temporis
1004 4163 1037 4223 in
1053 4163 1216 4242 provincis
