2968 4990
552 397 777 440 Pnonaeonnrts
1154 398 1211 442 0111

111 513 212 574 modo
229 516 262 573 in
277 513 307 574 V
324 518 464 593 scriptum
487 514 585 590 irrisae,
609 537 697 596 quern
716 515 870 596 probabile
887 523 932 577 est
952 520 1051 576 vemas
1067 516 1209 578 lectiones

116 619 187 658 non
204 599 298 659 solum
319 603 353 658 in
373 604 506 676 margine
529 609 580 660 aut
601 605 679 661 inter
699 622 809 675 versus,
832 601 884 662 scd
903 603 1051 662 interdum
1069 606 1158 662 etiam
1175 607 1209 663 in

115 686 190 763 ipso
211 693 295 744 textu
316 684 485 744 exhibuisse
508 683 597 760 (conf.
618 686 815 747 Baehrensius
836 687 948 766 proleg.
967 709 996 766 p.
1013 686 1208 762 XXXVIII).

115 768 150 828 O
166 776 274 842 autem,
294 791 361 828 cum
375 791 460 828 aaron
472 770 621 848 praebeat,
640 771 719 851 quod
731 791 834 830 verum
848 781 899 846 est,
918 772 1122 832 secundariam
1139 772 1210 832 libri

114 854 152 913 V
170 857 345 933 scripturam
362 855 486 931 elegisse
502 855 666 933 putandum
683 864 735 928 est,
758 877 824 915 curn
840 858 981 934 primaria
997 861 1029 915 in
1046 857 1207 931 Detanum,

115 941 178 1018 qui
200 959 302 997 omnaa
327 947 459 1013 testatur,
485 944 642 1000 transierit.
683 941 735 1002 sed
757 949 790 999 ut
810 940 929 1001 redeam
955 942 1034 1001 unde
1060 941 1208 1018 digressus

117 1045 199 1097 sum,
218 1045 278 1084 non
295 1023 362 1103 plus
384 1025 511 1103 probant
527 1025 660 1105 reliquae
680 1025 822 1086 lectiones
840 1047 858 1084 a
875 1025 1007 1104 Sydovio
1026 1046 1064 1086 ex
1082 1025 1109 1087 Ο
1128 1027 1209 1086 adla-

114 1117 173 1168 tae
196 1110 302 1188 quibus
328 1110 544 1188 interpolatoris
567 1129 685 1189 operam
711 1110 939 1188 deprehendisse
965 1111 1023 1171 sibi
1048 1113 1129 1170 visus
1156 1120 1208 1172 est.

116 1214 250 1272 quarum
272 1213 324 1255 eae
347 1199 476 1274 quaein
497 1197 631 1272 margine
653 1194 762 1255 codicis
784 1194 949 1274 adscriptae
971 1203 1040 1255 sunt
1061 1217 1085 1256 c.
1103 1196 1209 1257 LXIV

121 1282 163 1336 11
190 1287 219 1338 et
242 1279 280 1338 15
308 1278 348 1338 ad
372 1297 434 1338 rem
459 1282 576 1359 proprie
600 1301 661 1340 non
686 1283 841 1358 pertinent,
869 1298 945 1358 quae
970 1299 1041 1339 vero
1067 1282 1099 1339 in
1124 1288 1210 1344 textu

118 1363 265 1440 leguntur
286 1370 338 1423 aut
357 1367 429 1424 item
455 1362 494 1423 ed
514 1365 544 1423 V
565 1363 749 1425 revocandae
775 1367 940 1444 partimque
966 1363 1069 1424 eedem
1095 1367 1210 1427 ratione

117 1456 214 1527 atque
232 1448 309 1507 duae
325 1448 396 1509 illae
413 1449 450 1508 de
467 1449 573 1528 quibus
591 1470 679 1529 supra
696 1449 825 1508 diximus
848 1449 1042 1529 explicandae
1059 1458 1111 1510 eut
1128 1469 1208 1510 mero

117 1537 217 1592 errori
235 1533 439 1594 attribuendae
457 1543 533 1594 sunt.
569 1539 687 1594 omnino
701 1538 781 1594 enim
798 1553 834 1594 ea
851 1535 882 1593 in
900 1552 932 1593 re
949 1535 1148 1594 confitendum
1165 1543 1210 1595 est

119 1617 205 1676 hunc
227 1617 357 1677 codicem
378 1618 627 1696 Sangermanensi
649 1620 752 1679 cedere
774 1618 862 1698 quod,
885 1639 952 1678 cum
969 1640 1031 1679 non
1047 1640 1208 1700 numquam

118 1701 174 1762 vel
192 1705 234 1762 eis
251 1703 324 1763 locis
342 1703 394 1763 ubi
415 1705 466 1764 ille
484 1708 653 1764 correctoris
675 1724 796 1763 manum
812 1723 916 1782 passus
934 1723 1074 1764 essenon
1090 1705 1209 1765 videtur

119 1791 235 1848 maiore
257 1809 324 1847 cum
345 1787 405 1848 fide
426 1789 578 1867 exemplar
594 1790 764 1850 Veronense
784 1788 896 1861 reddat,
920 1791 1072 1848 tamenin
1090 1793 1209 1850 univer·

122 1893 190 1931 sum
199 1873 290 1932 multo
299 1873 433 1952 pluribus
446 1874 562 1933 mendis
576 1883 605 1935 et
616 1877 736 1933 inscitia
749 1882 779 1932 et
787 1873 977 1950 neglegentia
985 1874 1208 1935 transcribentis

121 1956 240 2017 librarii
261 1961 340 2032 ortis,
363 1978 542 2038 quamquam
563 1959 734 2038 plerumque
755 1979 815 2018 non
837 1961 881 2018 ita
902 1958 1052 2036 gravibus,
1075 1958 1208 2019 adfectus

123 2050 176 2101 est.
191 2074 233 2084 -
247 2041 284 2102 de
301 2047 404 2103 ceteris
422 2043 581 2116 codicibus,
599 2050 742 2122 quotquot
758 2047 957 2116 innotuerunt,
975 2044 1074 2102 nullus
1093 2044 1208 2104 saeculo

121 2127 227 2206 quinto
250 2127 363 2198 decimo
386 2135 432 2187 est
451 2131 590 2206 superior,
613 2127 752 2208 ducitque
774 2145 882 2208 agmen
897 2129 1094 2188 Bononiensis
1112 2125 1163 2204 (B)
1182 2149 1208 2188 a.

123 2213 207 2270 1411
240 2221 384 2272 exaratus.
429 2232 553 2292 quorum
579 2212 699 2292 quidem
728 2214 885 2290 scripturas
917 2233 984 2272 curn
1008 2212 1208 2273 Baehrensius

121 2315 214 2375 saepe
232 2301 397 2356 consentire
414 2296 529 2357 videret
546 2317 613 2356 cum
630 2297 859 2357 correctionibus
876 2299 909 2356 in
928 2297 956 2359 G
973 2298 1066 2372 factis,
1089 2301 1210 2356 novicia

121 2385 182 2441 ista
198 2383 334 2460 exempla
345 2381 384 2441 ad
401 2402 494 2442 unum
507 2386 607 2442 omnia
623 2402 662 2443 ex
678 2383 735 2442 hoc
750 2382 827 2441 libro
844 2382 976 2461 profecte
989 2401 1052 2442 esee
1065 2383 1210 2443 conclusit

122 2465 248 2546 (proleg.
264 2487 294 2545 p.
311 2466 392 2526 XIX
405 2465 465 2545 ss).
504 2486 606 2528 verum
631 2468 708 2528 hanc
734 2471 904 2546 opinionem
927 2467 1034 2526 salsam
1059 2487 1123 2529 esse
1148 2471 1209 2528 iam

123 2551 194 2613 inde
216 2551 338 2631 adparet
358 2552 438 2632 quod
458 2556 652 2614 inveniuntur
672 2553 739 2627 loci,
762 2553 869 2633 quibus
890 2556 988 2612 cuncti
1010 2552 1124 2614 codices
1142 2573 1209 2613 curn

124 2637 279 2716 depravati
297 2640 364 2710 sint,
382 2646 480 2698 tamen
498 2658 566 2717 pars
583 2641 779 2698 recentiorum
795 2642 915 2718 propius
934 2659 1021 2717 quem
1039 2646 1069 2697 et
1085 2638 1115 2699 G
1132 2647 1162 2698 et
1180 2637 1207 2698 Ο

124 2742 144 2781 a
159 2742 251 2781 mann
268 2720 380 2781 Catulli
396 2723 487 2797 abest,
505 2723 598 2783 veluti
615 2744 638 2783 c.
656 2723 745 2783 LXV
763 2725 803 2781 14
821 2730 851 2782 et
866 2722 972 2784 LXVI
989 2724 1018 2782 5.
1045 2741 1141 2802 neque
1159 2722 1209 2782 de·

125 2814 193 2866 sunt
218 2806 278 2866 alie
303 2815 479 2884 argumente
503 2807 542 2867 ed
567 2807 753 2868 refutandam
779 2809 866 2866 istam
892 2811 1062 2886 opinionem
1091 2807 1208 2867 idonea.

124 2911 153 2951 v.
171 2911 224 2952 nos
240 2895 274 2950 in
291 2899 346 2951 act.
364 2891 452 2951 litter.
469 2892 586 2953 Ienens.
603 2892 624 2952 l.
638 2914 663 2953 c.
677 2913 705 2971 p.
716 2893 776 2951 209
788 2912 809 2952 s.
828 2901 857 2952 et
870 2891 1036 2971 Sydovium
1053 2893 1085 2950 in
1103 2891 1208 2951 dieser·-

125 2980 236 3036 tatione
258 2996 347 3054 quam
369 2995 458 3056 supra
479 2977 637 3038 attulimus.
672 2981 774 3056 itaque
792 2977 922 3036 dubitari
943 2997 1004 3036 non
1020 2984 1117 3055 potest
1133 2981 1208 3055 quin

125 3061 239 3122 codices
259 3062 435 3120 recentiores
456 3069 508 3120 aut
530 3081 631 3122 omnes
652 3069 705 3122 eut
721 3068 800 3122 certe
817 3060 929 3142 aliquot
950 3079 967 3121 e
988 3063 1074 3121 tertio
1092 3060 1161 3120 libri
1178 3059 1210 3122 V

124 3145 294 3226 apographo
303 3144 388 3205 nobis
396 3165 457 3204 non
471 3153 586 3206 servato
600 3146 749 3206 fluxerint.
775 3145 868 3205 nihilo
882 3147 979 3205 minus
993 3145 1083 3204 fidem
1096 3165 1206 3220 eorum,

124 3238 225 3308 utpote
250 3232 302 3310 qui
324 3249 425 3290 omnes
447 3230 485 3290 ab
506 3230 591 3290 Italis
617 3231 735 3290 illorum
760 3238 926 3309 temporum
946 3231 1118 3310 interpolati
1139 3233 1216 3306 sint,

126 3315 212 3376 valde
229 3314 388 3376 sublestam
406 3333 469 3376 esse
487 3315 708 3376 concedendum
729 3324 781 3376 est.
816 3316 923 3394 quibus
944 3319 1047 3395 utique
1063 3316 1208 3376 utendum

128 3407 194 3474 erat,
212 3402 384 3480 priusquam
406 3402 585 3481 antiquiores
603 3401 797 3481 melioresque
813 3400 884 3461 libri
905 3402 938 3460 in
954 3400 1050 3460 luoem
1067 3403 1208 3480 protracti

127 3493 230 3546 essent.
265 3492 353 3564 atque
366 3485 575 3546 Lachmannus
589 3486 718 3565 quidem,
736 3488 784 3545 cui
801 3505 856 3546 nec
871 3485 899 3547 G
912 3503 967 3546 nec
980 3484 1007 3546 Ο
1021 3488 1054 3545 in
1070 3489 1208 3546 notitiam

127 3578 252 3643 venerat¹
276 3588 315 3629 ex
335 3569 453 3629 illorum
470 3591 593 3632 numero
611 3571 684 3631 duos
701 3570 740 3630 ad
756 3569 938 3632 recensenda
955 3579 1058 3650 poetae
1076 3573 1208 3630 carmina

127 3655 212 3716 duces
229 3656 288 3715 sibi
300 3655 398 3732 elegit,
415 3675 489 3736 quos
501 3656 621 3736 reliquis
633 3658 861 3736 praestantiores
878 3655 1037 3729 iudicabat,
1054 3656 1207 3715 Datannm

126 3739 179 3816 (D)
202 3748 231 3800 et
252 3739 467 3800 Santonianum
489 3739 550 3818 (L).
585 3744 725 3820 quicum
752 3740 881 3801 editione
907 3761 969 3814 sua,
996 3760 1072 3820 quae
1098 3738 1208 3819 prodiit

128 3824 255 3886 Berolini
271 3845 298 3884 a.
317 3825 408 3898 1829,
427 3823 579 3902 egregium
597 3826 810 3886 emendationis
829 3825 1015 3886 Catullianae
1031 3824 1207 3884 fundamen-

128 3918 186 3969 tum
202 3913 325 3983 iecisset7
344 3908 455 3969 factum
472 3919 517 3970 est
533 3919 567 3970 ut
585 3911 699 3972 codices
717 3912 755 3971 ab
774 3931 807 3972 eo
826 3910 952 3970 adhibiti
973 3912 1062 3970 etiam
1079 3918 1146 3989 post
1161 3929 1205 3970 re·

128 4003 237 4074 portum
260 3996 290 4056 G
314 3997 347 4054 in
372 3995 482 4055 honore
507 3995 610 4055 heberi
635 4017 695 4056 non
722 3995 896 4069 desinerent,
922 3997 1139 4074 praecipueque
1164 3995 1206 4069 D,

128 4100 302 4161 quemquam
319 4099 397 4139 anno
415 4080 533 4140 demum
550 4081 630 4139 1463
645 4083 777 4160 scriptus,
795 4100 905 4157 magne
921 4082 1095 4140 auctoritate
1111 4086 1206 4141 utere·

128 4174 179 4224 tur.
213 4176 242 4227 et
263 4165 353 4225 habet
370 4183 440 4225 sane
456 4164 505 4225 hic
523 4165 617 4226 codex
634 4165 782 4247 quaedam
803 4164 973 4243 singularia.
1009 4163 1062 4225 sed
1078 4165 1209 4226 eundem
