2954 4990
549 367 780 413 Paomuorfflrm-
1111 363 1212 409 uxxnr·

115 508 174 550 nec
196 490 259 568 pari
282 494 351 548 sunt
370 486 559 565 longitudine
580 497 610 549 et
632 495 712 548 certa
732 489 922 567 responsione
939 493 1047 547 carent.
1086 489 1158 548 item
1175 488 1216 544 in.

118 573 233 634 duobus
251 575 423 653 hymenaeis
441 591 543 633 versus
566 574 753 634 intercalares
770 573 868 632 lacum
885 572 1004 645 habent,
1028 571 1080 632 sed
1101 575 1134 631 in
1151 571 1212 630 hoc

118 659 240 740 quidem
261 677 369 736 genere
391 658 553 736 ephymnia
574 659 611 718 ab
634 661 845 736 antiquissimis
867 658 1047 738 temporibus
1068 658 1214 716 videntur

117 747 228 804 usitata
245 743 345 803 fuisse.
390 742 498 802 deinde
515 745 548 802 in
566 744 662 821 elegia
680 743 718 802 ad
735 744 851 803 Allium
867 751 927 803 tres
944 763 1047 804 versus
1064 744 1206 813 continui,

118 830 225 908 quibus
243 836 330 908 poeta
352 828 390 889 de
406 827 497 888 fratre
514 836 607 889 morte
624 831 731 888 amie'so
749 831 889 908 queritur,
913 827 1092 888 adverbum
1109 829 1210 887 iterati

117 915 259 991 leguntur
280 913 419 990 (22-24
443 921 472 972 et
495 911 642 987 94-96).
682 913 762 993 quod
780 933 899 974 carmen
916 933 983 973 cum
1001 912 1040 972 ad
1057 912 1215 990 exemplar

118 999 283 1078 elegiarum
308 997 581 1059 Alexandrinarum
607 1000 792 1077 conpositum
817 1001 869 1071 sit,
899 1000 953 1058 vix
980 998 1155 1071 errabimus,
1182 999 1212 1056 si-

117 1088 206 1144 istam
228 1103 347 1164 quoque
368 1084 495 1160 figuram
517 1082 588 1142 inde
609 1085 732 1161 petitam
755 1085 1030 1162 esse-suspicamur.
1080 1083 1214 1162 denique

117 1171 153 1228 in
170 1170 277 1229 iambis
291 1177 321 1228 et
337 1168 595 1247 hendecasyllabis
610 1167 745 1227 Catullus
762 1167 843 1226 baud
856 1188 922 1226 raro
937 1168 1033 1227 simile
1050 1167 1209 1226 artificium

116 1255 176 1313 boc
198 1254 333 1313 adhibuit
354 1262 387 1311 ut
405 1261 456 1312 aut
479 1256 609 1312 carmina
633 1253 744 1312 eisdem
761 1253 869 1332 quibus
891 1252 1057 1312 incohasset
1073 1252 1215 1312 versibus

119 1339 279 1411 clauderet,
303 1338 404 1416 qualia
426 1345 494 1396 sunt
515 1338 593 1398 XVI
613 1337 756 1397 XXXVI
776 1338 838 1396 LII
858 1337 956 1410 LVII,
980 1345 1033 1396 aut
1053 1336 1210 1396 mediisin

118 1423 308 1496 carminibus,
326 1423 378 1482 ubi
392 1430 493 1501 aptum
506 1423 664 1497 videretur,
684 1423 816 1500 singulos
833 1423 883 1482 vel
896 1424 985 1482 etiam
1001 1422 1088 1481 binos
1106 1440 1214 1481 versus

116 1508 208 1568 modo
230 1511 360 1584 integros
383 1507 470 1567 modo
492 1508 658 1586 paullulum
684 1515 811 1567 mutatos
832 1509 939 1568 iterum
960 1515 1090 1586 poneret,
1117 1513 1151 1565 ut
1176 1509 1211 1566 iu

117 1595 200 1654 VIII
216 1593 329 1652 XXIX
346 1593 439 1652 XLII
453 1593 586 1672 aliisque.
618 1613 721 1653 verum
735 1593 791 1652 hae
805 1592 924 1673 quidem
937 1594 1125 1671 repetitiones
1140 1611 1212 1650 cum

117 1679 209 1756 longe
226 1680 387 1737 maximam
404 1685 518 1756 partem
537 1677 692 1755 augendae
710 1679 769 1737 sint
785 1679 922 1738 inrisioni
939 1685 991 1736 aut
1007 1676 1213 1754 indignationi

119 1763 331 1843 exprimendae
352 1762 537 1842 multumque
558 1763 671 1822 roboris
694 1763 920 1842 acerbitatisque
942 1744 1068 1821 oralioni
1086 1762 1213 1836 addant,

118 1851 222 1926 magis·
241 1848 381 1908 videntur
407 1847 446 1906 ad
478 1856 610 1908 veterum
635 1848 914 1926 iambographorum
940 1867 1029 1928 quam
1054 1855 1213 1926 poetarum

118 1933 391 1994 Alexandrinorum
413 1934 607 1992 imitationem
629 1933 815 1992 revocandae
832 1951 902 1994 esse.
938 1931 1015 2002 conf.
1034 1931 1215 1991 Semonidee

118 2041 148 2078 v.
172 2020 211 2076 96
235 2026 265 2078 et
287 2018 347 2076 115
370 2017 479 2094 Bergk.
519 2020 572 2076 vix
598 2020 678 2076 enim
704 2017 859 2096 probabile
886 2024 930 2077 est
955 2017 1028 2075 talia
1054 2017 1214 2076 adamasse

120 2102 346 2176 Callimachum,
369 2105 421 2181 qui
442 2101 574 2160 iambum
592 2102 702 2161 faceret
726 2095 774 2159 ίοὐ
796 2096 889 2178 μάχην
908 2095 1045 2159 aica'donaa
1062 2093 1113 2177 τὴν
1131 2101 1214 2158 Bou--

118 2181 258 2246 πάλειονῖ
288 2194 390 2246 contra
404 2189 467 2246 eius
483 2207 570 2245 usum
588 2187 701 2264 figurae
713 2207 790 2266 quac
807 2190 840 2245 in
851 2187 1008 2246 verborum
1023 2186 1211 2262 singulorum

118 2273 371 2350 redintegratione
391 2271 539 2330 rhetorica
556 2275 689 2332 consistit
706 2292 767 2332 non
785 2271 953 2331 dubitamus
971 2272 1009 2331 ab
1026 2270 1213 2330 Alexandri-

119 2378 225 2417 norum
247 2365 401 2436 poetarum
423 2357 621 2416 aemulatione
642 2363 783 2435 repetere,
810 2359 861 2437 qui
882 2357 939 2416 hoc
961 2359 1101 2416 orationis
1122 2375 1212 2415 orna-

119 2451 251 2502 mentum
273 2445 306 2501 in
328 2441 441 2502 deliciis
462 2442 637 2516 habuerunt,
660 2450 763 2522 estque
784 2441 865 2521 apud
882 2441 1033 2501 Catullum
1049 2443 1082 2500 in
1102 2443 1214 2520 primis.

119 2527 258 2607 frequens
281 2529 314 2587 in
332 2529 375 2587 cis
392 2530 535 2607 poematis
554 2546 630 2606 quae
648 2530 768 2587 omnino
786 2547 823 2587 ex
841 2534 904 2587 arte
920 2527 1039 2587 illorum
1057 2535 1126 2607 apta
1143 2545 1212 2588 esse

119 2612 257 2672 vidimus.
293 2619 327 2671 ut
356 2623 455 2672 autem
486 2615 570 2671 varia
599 2612 687 2672 huius
717 2613 832 2690 figurae
858 2632 968 2689 genera
993 2612 1209 2686 discernamus,

119 2701 249 2757 maxime
262 2705 342 2756 amat
355 2706 443 2776 poeta
452 2699 632 2757 Veronensis
646 2698 783 2757 ultimum
796 2705 848 2756 aut
860 2717 956 2776 paene
969 2696 1107 2757 ultimum
1119 2717 1208 2756 voca·

118 2783 222 2842 bulum
238 2785 327 2841 unius
344 2801 447 2842 versus
465 2784 551 2841 initio
565 2785 693 2860 proximi
711 2803 778 2842 cum
795 2783 925 2862 pondere
942 2791 1082 2860 repetere,
1105 2783 1214 2860 qualia

119 2876 189 2927 sunt
206 2889 230 2927 c.
242 2867 352 2926 LXIII
368 2867 385 2924 9
405 2871 464 2924 leae
479 2877 622 2943 typanam,
647 2870 791 2944 Typanam
808 2878 893 2938 mam,
912 2866 1026 2942 Cybebe,
1044 2866 1151 2925 LXIV
1164 2867 1207 2924 62

114 2955 257 3030 prospicit
274 2953 366 3022 arboe,
383 2953 536 3027 Prospicr‘t,
556 2953 617 3010 286
635 2955 788 3010 viridantia
811 2954 917 3027 Tempe,
942 2953 1050 3026 Tempe,
1070 2971 1141 3026 qaae
1158 2955 1211 3008 ait·

118 3059 171 3096 vae
189 3040 309 3110 cinquant.
345 3035 421 3094 conf.
439 3044 591 3115 praeterea
607 3037 714 3097 LVIII
732 3039 759 3094 2.
778 3036 854 3095 LXI
872 3038 899 3094 9.
917 3034 1011 3094 LXII
1030 3037 1077 3092 62.
1095 3035 1211 3096 LXIII.

120 3124 170 3181 60.
187 3121 293 3180 LXIV
311 3121 360 3179 27.
379 3122 450 3178 133.
470 3123 539 3178 260.
559 3122 630 3180 322.
649 3123 719 3182 404.
738 3122 842 3180 LXVI
861 3123 909 3179 76.
927 3121 1033 3198 quibus
1052 3120 1090 3180 ab
1108 3139 1206 3181 exem-

119 3208 177 3287 plis
197 3227 259 3266 non
280 3208 323 3264 ita
344 3205 469 3264 multum
491 3206 630 3265 differunt
646 3225 723 3287 quae
741 3214 809 3265 sunt
829 3209 861 3264 in
878 3225 903 3264 c.
920 3204 1014 3263 LXII
1032 3207 1081 3279 22,
1099 3206 1211 3266 LXVI

121 3295 169 3366 83,
192 3291 347 3351 LXXVII
370 3293 388 3348 2
411 3300 441 3350 et
463 3291 490 3350 ὅ.
516 3293 707 3370 praeiverunt
731 3291 787 3350 boo
812 3293 846 3350 in
870 3309 978 3367 genere
1004 3289 1212 3352 Callimachus

119 3379 219 3456 hymn.
237 3378 255 3436 I
273 3379 322 3435 92.
340 3377 386 3437 IV
408 3377 477 3434 119.
498 3377 567 3436 151.
585 3377 615 3437 V
633 3378 660 3435 2.
679 3378 729 3435 41.
746 3376 793 3436 VI
811 3377 859 3449 35,
877 3376 1055 3454 Apollonius
1072 3377 1169 3436 Rbod.
1187 3377 1206 3437 I

121 3464 190 3522 957.
212 3463 263 3522 ΙΠ
282 3462 373 3520 1094.
395 3461 442 3522 IV
459 3463 529 3520 264.
550 3462 620 3538 765,
643 3462 818 3522 Theocritus
839 3461 889 3520 IX
907 3463 935 3534 2,
957 3461 1096 3520 Moschus
1118 3462 1135 3520 Ι
1154 3464 1204 3522 14.

119 3569 179 3608 non
201 3549 299 3606 minus
322 3547 463 3625 probatur
485 3546 603 3606 Catulle
626 3547 823 3628 epanaphora,
847 3549 930 3606 cuius
953 3567 1019 3607 cum
1041 3547 1114 3607 alibi
1132 3549 1210 3606 satis

119 3633 212 3692 multa
233 3633 369 3711 exempla
390 3639 501 3705 extant,
523 3640 586 3691 tum
607 3633 735 3711 plurima
756 3635 859 3692 insunt
880 3634 912 3691 in
929 3632 1040 3711 epyllia
1057 3632 1095 3692 de
1112 3632 1210 3692 Peleo

121 3715 294 3779 etThetide.
322 3736 399 3797 quae
412 3719 512 3776 omnia
529 3736 701 3778 enumerare
714 3737 965 3796 supervacaneum
980 3724 1031 3776 est.
1059 3735 1114 3776 nec
1129 3737 1210 3795 opus.

121 3823 183 3864 esse
201 3803 335 3862 ducimus
352 3804 536 3862 notissimum
552 3802 684 3862 eiusdem
702 3803 815 3880 figurae
832 3802 962 3862 studium
981 3801 1157 3860 Callimachi
1174 3810 1211 3862 et„

119 3889 318 3949 bucolicorum
348 3896 501 3968 poetarum
531 3887 674 3966 exemplis
700 3888 881 3947 confirmare.
924 3887 1024 3967 paullo
1050 3888 1146 3946 rarius
1171 3886 1204 3946 id

120 3975 328 4053 epanalepseos
346 3992 440 4050 genus
457 3979 502 4034 est
518 3993 576 4053 quo
593 3973 672 4032 idem
688 3973 866 4032 vocabulum
882 3974 916 4030 in
928 3970 1032 4032 eodem
1048 3990 1136 4031 versu
1153 3979 1211 4031 aut:

119 4059 165 4118 bis
187 4059 326 4137 deinceps
348 4061 467 4138 ponitur
488 4065 541 4118 aut
561 4057 646 4117 brevi
667 4061 763 4138 spatio
786 4059 938 4116 interiecto
956 4058 1105 4134 repetitur,
1128 4064 1162 4116 ut
1179 4077 1204 4116 c.

118 4145 275 4205 Lxlvnr
293 4163 343 4202 voe
357 4163 405 4220 epo
418 4163 503 4222 saepe
519 4163 577 4202 meo
589 4163 639 4202 uos
657 4147 777 4203 carmine
796 4143 964 4220 compellabo,
982 4141 1053 4203 ibid.
1073 4142 1133 4202 195
1151 4143 1211 4202 hue
