2976 5004
575 399 692 454 auran
1098 387 1143 454 39

158 530 196 585 at
212 530 248 585 tu
265 543 306 587 ne
325 543 434 607 pugna
452 544 524 586 cum
543 523 597 586 tali
616 521 763 606 coniuge,¹
779 521 877 609 virgo.
1160 540 1196 596 60

160 636 227 679 non
244 636 382 698 aequum
400 625 449 679 est
465 638 619 700 pugnare,
637 627 728 700 pater
745 615 797 680 cui
815 616 943 680 tradidit
959 617 1038 702 ipse,

160 709 231 793 ipse
248 719 339 793 pater
357 731 430 772 cum
448 720 558 786 matre,
577 710 693 792 quibus
711 731 822 794 parere
840 722 1008 775 necessest.

162 801 330 887 virginitas
346 824 410 867 non
428 813 494 866 tota
512 813 567 867 tua
585 814 642 879 est,
662 825 701 866 ex
720 815 810 888 parte
828 815 1038 889 parentumst:

160 896 255 960 tertia
272 919 345 980 pars
363 896 456 981 patri,
474 919 547 982 pars
566 908 614 962 est
635 896 709 960 data
726 897 819 960 tertia
836 898 938 974 matri,

159 989 254 1053 tertia
271 990 339 1054 sola
356 1001 411 1054 tua
429 1000 485 1054 est
528 991 593 1054 noli
611 1012 753 1076 pugnare
772 991 907 1066 duobus,
1160 1006 1195 1061 65

162 1083 219 1165 qui
236 1104 354 1167 genero
373 1105 431 1148 sua
447 1084 517 1148 iura
535 1084 628 1147 simul
646 1105 719 1147 cum
737 1085 811 1147 dote
830 1085 994 1148 dederunt.

161 1269 295 1354 Hymen
312 1291 332 1334 o
349 1270 548 1356 Hymenaee,
566 1272 697 1356 Hymen
715 1270 792 1334 ades
810 1292 829 1335 o
847 1271 1044 1356 Hymenaee.

564 1617 695 1683 LXIII.

118 1735 228 1821 Super
245 1737 309 1803 alta
326 1748 436 1805 vectus
454 1737 540 1802 Attis
558 1738 652 1802 celeri
671 1747 738 1802 rate
755 1737 855 1801 maria

118 1830 300 1916 Phrygium
319 1843 354 1896 ut
371 1855 484 1896 nemus
503 1832 597 1896 citato
615 1831 730 1914 cupide
747 1831 828 1915 pede
846 1831 951 1916 tetigit

119 1924 261 2007 adiitque
279 1947 378 2011 opaca
393 1925 483 1989 silvis
499 1925 644 1990 redimita
662 1924 732 1988 loca
750 1925 839 1999 deae,

118 2017 299 2083 stimulatus
317 2019 362 2083 ibi
379 2019 496 2083 furenti
513 2019 611 2094 rabie,
630 2041 731 2102 vagus
749 2018 873 2094 animis,

118 2112 256 2176 devolsit
272 2113 306 2176 ili
325 2123 418 2177 acuto
437 2112 497 2176 sibi
514 2113 655 2197 pondera
673 2111 769 2176 silice.

119 2205 228 2288 itaque
246 2217 283 2270 ut
298 2206 408 2272 relicta
426 2206 524 2271 sensit
541 2206 601 2270 sibi
619 2205 762 2270 membra
780 2205 847 2268 sine
865 2204 943 2282 viro,

120 2299 218 2364 etiam
235 2309 360 2364 recente
378 2311 481 2364 terrae
499 2301 566 2363 sola
585 2299 739 2383 sanguine
757 2298 920 2362 maculans

120 2392 221 2456 niveis
240 2393 336 2458 citata
353 2394 438 2478 cepit
455 2393 602 2457 manibus
620 2395 689 2457 leve
708 2402 871 2476 typunum,

121 2497 276 2571 typanum
295 2497 395 2563 tuum,
414 2485 557 2572 Cybebe,
576 2498 641 2563 tua,
659 2497 769 2562 mater,
786 2484 885 2562 initia,

122 2580 330 2664 quatiensque
348 2591 438 2664 terga
456 2580 538 2644 tauri
556 2579 671 2644 teneris
689 2601 769 2644 cava
786 2579 894 2663 digitis
1160 2597 1194 2652 10

122 2695 236 2738 canere
253 2673 332 2738 haec
349 2674 415 2737 suis
433 2673 544 2738 adorta
560 2686 609 2741 est
626 2673 834 2738 tremebunda
852 2672 1031 2738 comitibus.

122 2767 222 2852 ‘agite
239 2766 282 2830 ite
299 2766 340 2830 ad
359 2767 433 2844 alta,
453 2764 576 2841 Gallae,
596 2766 733 2849 Cybeles
751 2788 882 2830 nemora
899 2766 1003 2844 simul,

124 2859 216 2922 simul
233 2859 287 2935 ite,
306 2858 529 2944 Dindymenae
547 2858 693 2922 dominae
711 2879 794 2942 vaga
811 2878 936 2941 pecora,

124 2952 226 3017 aliena
243 2973 325 3035 quae
343 2961 486 3037 petentes
504 2953 592 3016 velut
609 2951 718 3016 exules
736 2951 806 3015 loca

123 3056 241 3110 sectam
259 3069 362 3109 meam
380 3056 533 3111 executae
551 3045 631 3109 duce
649 3067 699 3108 me
717 3043 794 3107 mihi
811 3043 943 3122 comites
1160 3063 1195 3118 15

124 3139 268 3225 rapidum
286 3140 388 3203 salum
408 3140 522 3204 tulistis
540 3138 781 3220 truculentaque
798 3137 912 3224 pelage

125 3244 156 3297 et
172 3255 286 3317 corpus
304 3233 446 3297 evirastis
464 3232 599 3299 Veneris
618 3232 714 3296 nimio
733 3232 817 3309 odio,

125 3326 254 3390 hilarate
272 3349 344 3390 aere
363 3326 464 3390 citatis
482 3326 640 3392 erroribus
657 3326 808 3389 animum.

125 3441 211 3483 mora
228 3419 318 3482 tarda
336 3431 441 3485 niente
459 3421 564 3486 cedat:
583 3419 677 3483 simul
693 3419 747 3494 ite,
765 3417 933 3501 sequimini

124 3512 297 3597 Phrygiam
316 3513 355 3576 ad
375 3514 503 3578 domum
518 3513 677 3598 Cybebes,
695 3511 837 3596 Phrygia
850 3513 891 3577 ad
909 3534 1038 3578 nemora
1051 3515 1140 3594 deae,
1157 3530 1193 3585 2o

124 3606 177 3671 ubi
195 3606 377 3690 cymbalum
395 3617 486 3672 sonat
503 3629 576 3682 vox,
594 3605 650 3669 ubi
667 3616 818 3690 tympana
834 3606 977 3684 reboant,

126 3699 239 3764 tibicen
256 3699 312 3763 ubi
330 3700 416 3764 canit
432 3700 544 3785 Phryx
561 3720 658 3764 curvo
675 3721 773 3784 grave
792 3699 924 3776 calamo,

126 3793 177 3856 ubi
194 3793 299 3877 capita
317 3795 486 3860 maenades
504 3795 535 3858 vi
553 3793 903 3876 iaciunthederigeraa

127 3886 177 3949 ubi
195 3909 285 3952 sacra
303 3898 412 3951 sancta
431 3888 531 3952 acutis
549 3886 722 3950 ululatibus
740 3887 871 3969 agitant,

126 3979 177 4044 ubi
196 3981 299 4045 suevit
316 3981 371 4045 illa
389 3981 480 4046 divae
499 3981 629 4046 volitare
647 4003 730 4063 vaga
748 3980 871 4044 cohors.

126 4094 186 4156 quo
202 4093 260 4150 nos
279 4073 490 4140 decetcitatis
508 4076 645 4139 celerare
663 4072 828 4158 tripudiis’

127 4167 215 4233 simul
232 4167 311 4234 haec
329 4167 496 4234 comitibus
515 4169 601 4232 Attis
620 4167 733 4232 cecinit
749 4167 846 4232 notha
864 4167 986 4246 mulier,
