2976 5004
581 365 696 420 LIBER
1106 353 1157 432 63

167 487 276 552 divum
295 488 336 552 ad
353 486 509 553 fallendos
527 489 656 553 numine
675 488 811 552 abusum
829 488 982 567 homines,

120 581 223 646 multa
243 594 353 666 parata
372 592 502 647 manent
519 583 582 646 iam
599 583 632 646 in
650 582 747 667 longa
766 592 878 659 aetate,
898 581 1035 660 Catulle,
1164 597 1186 653 5

169 697 209 740 ex
226 675 287 741 hoc
304 675 430 760 ingrato
448 675 566 760 gaudia
583 698 689 741 amore
708 675 775 739 tibi.

121 791 201 856 nam
231 790 451 852 quaecumque
481 769 625 834 homines
660 770 742 834 bene
772 769 922 852 cuiquam
952 780 1008 836 aut
1043 770 1147 839 dicere

295 872 429 948 possunt

169 966 224 1020 aut
240 955 356 1033 facere,
376 957 455 1022 haec
472 979 492 1020 a
509 965 540 1020 te
558 955 705 1039 dictaque
721 954 870 1039 factaque
888 968 977 1022 suntr

122 1049 232 1112 omnia
249 1070 331 1132 quae
349 1050 493 1134 ingratae
510 1050 671 1134 perierunt
689 1049 809 1115 credita
826 1049 934 1115 menti.

167 1165 266 1225 quare
285 1153 400 1220 curte,
420 1166 476 1210 cur
493 1145 555 1209 iem
575 1145 710 1229 amplius
728 1144 909 1208 excrucies?

123 1237 202 1319 quin
221 1247 255 1300 tu
273 1237 379 1302 animo
397 1237 537 1301 offirmas
555 1249 651 1320 atque
669 1237 762 1302 istinc
780 1248 875 1320 teque
892 1238 1018 1304 reducis

168 1340 201 1394 et
218 1330 267 1394 dis
284 1331 391 1394 invitis
410 1331 527 1395 desinis
546 1355 615 1395 esse
634 1331 749 1395 miser?

124 1423 256 1488 difficile
274 1434 322 1488 est
339 1426 471 1510 longum
489 1425 594 1489 subito
614 1425 772 1510 deponere
791 1446 940 1498 amorem.
999 1497 1004 1508 Ι

169 1518 298 1583 difficile
316 1529 373 1595 est,
392 1541 503 1583 verum
520 1519 581 1583 hoc
598 1541 663 1602 qua
680 1518 768 1583 lubet
786 1519 920 1582 efficias:

123 1634 190 1675 una
209 1612 295 1676 salus
312 1612 391 1677 haec
410 1623 467 1687 est,
485 1612 546 1677 hoc
564 1612 687 1677 esttibi
705 1612 964 1697 pervincendum,

168 1705 229 1770 hoc
247 1706 356 1784 facias,
375 1707 441 1773 sive
460 1707 493 1770 id
511 1729 574 1771 non
592 1719 666 1792 pote
686 1708 752 1772 sive
770 1717 853 1792 pote.

124 1822 145 1864 o
165 1801 208 1878 di,
227 1801 253 1866 si
270 1813 412 1880 restrum
430 1812 478 1866 est
496 1802 648 1879 misereri,
667 1813 723 1866 aut
739 1801 765 1866 si
783 1802 899 1884 quibus
918 1823 1071 1884 umquam

170 1906 309 1960 extremo
327 1896 392 1959 iam
409 1896 479 1980 ipsa
496 1896 529 1961 in
547 1907 648 1961 morte
666 1895 780 1961 tulistis
799 1917 903 1979 opem,

125 2011 178 2053 me
195 1988 345 2053 miserum
363 1989 516 2074 adspicite
534 2001 575 2066 et,
594 1989 619 2052 si
638 1988 735 2052 vitam
753 1989 873 2072 puriter
891 1987 953 2073 egi,

170 2081 280 2166 eripite
297 2082 380 2146 hanc
397 2094 520 2167 pestem
537 2081 772 2168 perniciemque
791 2082 878 2145 mihi.

127 2175 156 2239 ei
174 2175 261 2250 mihi,
281 2175 455 2261 subrepens
473 2177 553 2239 imos
572 2185 607 2239 ut
626 2185 734 2259 torpor
750 2175 783 2237 in
801 2185 889 2238 artus

170 2269 291 2352 expulit
309 2293 349 2334 ex
367 2270 452 2333 omni
471 2281 598 2355 pectore
615 2267 764 2334 laetitias!

126 2383 191 2427 non
208 2363 272 2427 iam
289 2363 369 2427 illud
387 2384 517 2446 quaero,
535 2373 645 2428 contra
662 2372 698 2428 ut
715 2383 766 2427 me
784 2361 896 2446 diligat
912 2361 978 2440 illa,

171 2467 235 2534 aut,
253 2457 340 2539 quod
356 2479 420 2521 non
437 2459 519 2542 potis
537 2467 594 2535 cst,
614 2479 683 2524 esse
700 2456 817 2542 pudica
834 2456 923 2522 velit:

127 2550 195 2635 ipse
213 2550 319 2615 valere
337 2561 411 2636 opto
430 2562 461 2616 et
478 2562 615 2617 taetrum
632 2551 718 2614 hunc
736 2549 895 2635 deponere
912 2548 1067 2614 morbum.

172 2665 190 2708 ο
208 2643 251 2720 di,
270 2643 391 2709 reddite
410 2645 454 2707 mi
471 2645 532 2710 hoc
548 2667 607 2730 pro
624 2646 742 2730 pietate
759 2667 840 2710 mea.

554 2873 724 2887 η*-

549 3083 733 3149 LXXVII.

130 3205 215 3271 Rufe
233 3204 310 3269 mihi
328 3205 447 3270 frustra
465 3227 502 3269 ac
519 3204 713 3287 nequiquam
731 3203 849 3269 credite
868 3201 970 3268 amico

172 3299 320 3379 (frustrai
337 3298 434 3362 immo
452 3320 568 3383 magno
587 3320 659 3362 cum
677 3299 777 3382 pretio
796 3307 891 3380 atque
909 3298 1018 3382 malo),

130 3393 226 3458 sicine
244 3393 404 3477 subrepsti
422 3391 464 3456 mi
483 3403 578 3474 atque
595 3391 745 3456 intestina
762 3414 915 3476 perurens

172 3487 214 3552 cil
234 3487 348 3550 misero
367 3486 509 3570 eripuisti
527 3485 632 3549 omnia
649 3496 756 3550 nostra
769 3486 874 3558 bona?

130 3581 281 3666 eripuisti,
300 3580 363 3645 heu
381 3580 443 3644 heu
462 3589 588 3644 nostrae
606 3580 734 3644 crudele
752 3601 911 3644 venenum
1167 3593 1190 3648 o

171 3676 264 3750 vitae,
283 3672 426 3739 heuheu
443 3684 570 3738 nostrae
587 3675 685 3759 pestis
704 3673 869 3738 amicitiae.

131 3769 185 3834 sed
202 3791 287 3832 nunc
304 3768 336 3831 id
355 3768 456 3845 dolce,
476 3767 562 3851 quod
579 3789 677 3853 purae
695 3790 776 3852 pura
793 3767 917 3852 puellae
1008 3789 1150 3834 nxxvrnr

173 3863 261 3928 savis
279 3862 452 3926 conminxit
470 3883 585 3946 spurca
602 3862 702 3927 saliva
719 3874 784 3926 tua.
803 3933 805 3938 ¹

130 3977 240 4022 verum
258 3957 291 4020 id
308 3977 372 4019 non
390 3956 509 4040 inpune
527 3955 623 4020 feres:
642 3979 716 4022 nam
735 3967 765 4020 te
785 3955 890 4018 omnia
907 3954 1012 4019 saecla

171 4060 304 4115 noscent
322 4059 353 4115 et
371 4049 426 4132 qui
444 4049 486 4114 sis
505 4049 591 4114 fama
607 4050 753 4132 loquetur
771 4071 860 4112 anus.
1168 4063 1210 4116 10
