2968 4990
299 385 415 426 LXXXIV
731 379 960 424 northamtune

299 505 389 561 immo
404 499 522 561 Naekio
540 499 766 560 adsentiendum
780 499 891 560 dicenti
907 507 968 560 tem
985 503 1183 561 inveteratum
1200 500 1292 563 fuisse
1313 503 1406 584 apud

298 587 449 648 Romanos
466 586 695 646 adlitterationis
713 604 842 645 amorem
863 592 982 666 tamque
997 585 1123 646 adsueta
1140 589 1168 647 ei
1186 591 1323 647 omnium
1344 609 1405 648 ora

300 680 330 732 et
350 691 435 732 aures
458 680 491 730 ut
512 672 708 732 scribentibus
731 670 824 730 multa
845 669 877 728 id
899 689 992 747 genus
1015 678 1120 750 sponte
1141 691 1205 732 sese
1227 672 1404 734 obtulerint

299 758 529 836 ambiguumque
555 758 593 816 eit
618 773 828 835 saepenumero
854 755 927 835 quid
954 776 973 814 a
997 776 1060 815 non
1085 756 1400 818 animadvertentibus

298 843 467 914 admissum,
496 840 568 920 qnid
595 861 633 902 ex
653 862 710 901 usu
731 842 880 900 communi
901 848 1061 920 receptum,
1088 840 1160 921 quid
1182 845 1303 921 propria
1329 853 1400 904 erte

298 926 411 986 iactum
433 930 479 986 sit.
514 929 573 984 iem
595 929 658 985 eius
676 925 904 985 adlitterationis
927 945 1004 1005 quae
1026 927 1059 986 in
1075 925 1175 987 verbis
1192 927 1251 986 sibi
1269 946 1401 1007 respou-

299 1012 437 1072 dentibus
463 1011 504 1084 fit,
532 1031 591 1090 qua
616 1013 662 1070 vis
684 1019 773 1091 atque
800 1013 931 1087 gravitas
953 1013 1117 1070 sententiae
1142 1010 1270 1086 additur,
1297 1012 1399 1074 haece

299 1097 435 1175 exempla
456 1099 651 1175 repperimus:
678 1097 814 1172 superbus
836 1106 862 1153 el
885 1099 1067 1172 superfluens,
1089 1099 1217 1154 mundior
1234 1107 1261 1154 et
1282 1101 1395 1171 maor,

297 1186 427 1241 miserum
447 1185 566 1257 malique
585 1184 650 1256 fati,
674 1182 737 1239 boui
757 1182 891 1256 beatique,
914 1182 980 1239 bene
996 1199 1031 1238 ac
1048 1182 1136 1253 beate,
1157 1185 1262 1239 mimice
1279 1201 1316 1240 ac
1333 1203 1396 1240 uco-

298 1271 375 1341 lesle‚
402 1269 473 1325 salia
495 1287 634 1343 caperque
656 1269 719 1326 sive
742 1268 812 1323 satia
835 1275 860 1323 el
883 1285 978 1342 super,
1004 1268 1104 1324 leniter
1120 1276 1146 1324 et
1167 1269 1272 1340 leviter,
1300 1270 1397 1326 lutum

297 1357 431 1430 lupanar,
445 1362 553 1430 pestem
567 1353 778 1428 perniciemque,
796 1352 870 1408 uiuat
888 1354 1045 1425 ualeatque,
1066 1369 1150 1409 uuum
1167 1361 1251 1426 atque
1268 1356 1394 1428 unicum,

297 1449 360 1496 ater
376 1458 414 1497 aa
431 1439 521 1496 allae.
558 1456 682 1517 quorum
703 1436 845 1516 pleraque
866 1435 946 1494 haud
969 1434 1058 1495 dubie
1075 1435 1178 1515 populi
1198 1457 1255 1496 usu
1272 1437 1394 1516 pridem

297 1530 401 1583 sancta
425 1529 516 1582 erant.
559 1528 589 1580 et
614 1529 717 1580 notatu
745 1518 868 1596 dignum
892 1528 936 1580 est
957 1520 1013 1580 hoc
1039 1519 1266 1580 adlitterationis
1293 1543 1391 1599 genus

297 1612 443 1666 minorum
461 1609 625 1665 carminum
642 1607 792 1684 proprium
810 1623 881 1678 esse,
901 1605 1008 1684 quibus
1026 1607 1205 1666 conveniunt
1223 1605 1391 1668 dictionum

297 1691 448 1750 formulae.
484 1690 666 1769 frequentius
688 1688 720 1748 id
742 1708 836 1766 genus
854 1689 934 1769 quod
951 1698 1032 1749 certa
1052 1690 1120 1768 lege
1137 1710 1240 1750 carens
1257 1693 1292 1750 in
1308 1693 1392 1752 binis

297 1777 347 1836 vel
363 1776 497 1854 pluribus
515 1775 668 1834 vocabulis
687 1776 834 1834 coutinuis
855 1776 955 1834 locum
970 1775 1068 1834 habet.
1109 1783 1138 1834 et
1155 1776 1305 1835 interdum
1323 1782 1391 1857 qui-

298 1863 365 1921 dem
377 1863 410 1920 in
423 1861 479 1919 hoc
493 1880 609 1941 quoque
622 1879 731 1937 genere
743 1859 933 1919 menifestum
947 1867 991 1919 est
1004 1855 1230 1921 adlitterationis
1244 1862 1389 1922 studium.

298 1949 341 2006 sic
357 1949 390 2005 in
409 1967 432 2005 c.
448 1946 540 2006 XXV
555 1966 621 2005 cum
633 1953 729 2024 poeta,
748 1952 781 2003 ut
795 1944 932 2016 vidimus,
950 1947 1072 2004 nomina
1085 1945 1270 2004 deminutiva
1288 1967 1390 2008 cumu-

296 2033 411 2104 laverit,
436 2052 493 2110 quo
517 2030 716 2090 effeminatam
738 2030 840 2088 Thalli
862 2029 1067 2090 habitudinem
1084 2033 1303 2109 perstringeret,
1326 2054 1391 2093 non

298 2116 501 2177 dubitabimus
523 2119 596 2195 quin
618 2137 646 2175 v.
667 2118 707 2174 10
729 2118 762 2174 in
784 2114 883 2174 verbis
909 2118 1019 2173 laneam
1043 2119 1210 2174 latusculum
1234 2137 1391 2193 mnusque

295 2206 458 2262 mollicellas
480 2200 729 2260 adlittcrationem
750 2219 867 2279 quoque
893 2198 1041 2278 duplicem
1067 2199 1169 2260 dedita
1191 2221 1280 2280 opera
1306 2201 1389 2262 idem

297 2288 336 2347 ed
358 2290 541 2367 propositum
563 2285 739 2346 adhibuerit.
775 2305 798 2344 c.
822 2285 896 2344 LVI
914 2286 932 2342 3
956 2304 1017 2345 rem
1039 2285 1195 2344 ridiculam
1212 2297 1390 2348 narraturus

296 2376 329 2431 in
342 2372 511 2430 nominibus
525 2371 606 2443 Calo,
626 2370 768 2428 Catullum
786 2373 871 2429 iuxta
884 2372 988 2449 positis
1006 2369 1138 2430 considio
1153 2369 1237 2431 ludit.
1264 2377 1390 2450 egregia
1471 2413 1472 2438 ,

298 2459 363 2516 soni
381 2458 507 2515 imitatio
526 2455 652 2516 efficitur
669 2454 887 2515 adlitteratione
904 2474 957 2534 per
972 2457 1031 2514 tria
1048 2455 1194 2516 vocabula
1212 2461 1389 2518 continuata

297 2563 320 2600 c.
339 2541 445 2600 LXIV
463 2541 524 2598 262
547 2549 596 2598 aut
618 2543 698 2598 tereti
715 2543 803 2597 tenuia
822 2543 936 2598 tinnitus
953 2561 1019 2599 aere
1037 2543 1150 2600 aiebam.
1186 2543 1292 2601 necin
1310 2544 1388 2602 eius·

297 2626 363 2684 dem
383 2624 487 2704 epyllii
504 2645 531 2683 v.
551 2627 590 2684 28
613 2623 689 2684 illud
710 2633 771 2682 teme
793 2626 884 2683 ibatis
902 2628 986 2683 tenuit
1009 2625 1154 2686 excidisse
1173 2635 1280 2705 poetae
1299 2637 1388 2706 puta·

296 2715 399 2784 verim,
419 2712 590 2790 praesertim
609 2729 676 2769 cum
694 2711 732 2768 sit
749 2711 781 2768 in
795 2712 941 2769 concitata
958 2713 1187 2788 interrogatione
1204 2711 1388 2793 accedatque

296 2796 503 2877 epanaphorae
520 2795 685 2854 artificium.
713 2793 790 2854 conf.
805 2797 893 2854 etiem
910 2794 983 2854 ibid.
1001 2816 1028 2854 v.
1045 2797 1114 2854 101.
1134 2804 1210 2856 etv.
1229 2797 1270 2855 53
1289 2800 1387 2856 cedm-

295 2893 348 2940 tem
375 2883 457 2939 celei
483 2899 542 2938 cum
569 2883 660 2939 elaeae
685 2879 800 2939 nullum
829 2888 934 2958 poetae
960 2879 1115 2940 consilium
1141 2880 1386 2958 adgnoscendum
1470 2927 1471 2938 ,

295 2971 505 3029 existimamus.
536 2985 632 3046 neque
648 2965 744 3042 magis
762 2984 786 3023 c.
803 2965 881 3024 XVI
900 2967 939 3024 13
957 2969 1029 3025 male
1045 2986 1087 3025 me
1102 2987 1216 3038 ararem,
1228 2966 1385 3028 XXXVI

295 3056 322 3111 ai
339 3056 439 3129 sapiet,
458 3054 531 3109 aiam
547 3053 666 3123 cor-alil,
679 3049 801 3109 XLII5
817 3053 984 3126 pugillaria,
1002 3053 1029 3109 ai
1041 3055 1107 3126 pali
1119 3054 1249 3128 potestis,
1265 3052 1384 3113 XLV5

295 3149 428 3213 quautam
451 3139 499 3212 qui
520 3147 587 3213 pote
605 3139 758 3213 plurimum
778 3137 881 3211 perire.
917 3134 991 3194 baec
1008 3137 1099 3212 igitur
1117 3143 1146 3195 et
1163 3136 1272 3196 similia
1290 3137 1387 3198 multa

294 3243 356 3282 nou
375 3221 455 3302 quod
476 3241 529 3301 per
550 3229 643 3281 artem
661 3222 803 3300 quaesita,
827 3217 880 3279 sed
897 3219 985 3299 quod,
1009 3241 1076 3280 cum
1093 3220 1170 3280 ultro
1188 3231 1385 3299 occurrerent,

294 3327 356 3365 non
377 3308 494 3379 reiecta,
521 3305 573 3366 sed
596 3312 803 3386 acceptarunt
824 3325 842 3363 a
860 3303 986 3378 Catullo,
1009 3325 1150 3382 magnum
1167 3309 1229 3366 eius
1253 3325 1387 3367 amorem

296 3390 523 3450 adlitterationis
541 3390 707 3451 ostendunt.
742 3391 901 3449 finitimum
918 3391 988 3450 huic
1005 3398 1176 3452 ornamento
1193 3391 1285 3452 idest
1301 3393 1387 3471 quod

294 3474 550 3534 homoeoteleuton
572 3475 705 3537 dicimus.
742 3478 824 3535 cuiue
842 3496 903 3535 non
920 3478 962 3535 ita
979 3475 1072 3534 multa
1090 3475 1169 3555 apud
1191 3485 1308 3555 poetam
1324 3478 1385 3538 Ve-

294 3579 451 3620 ronensem
469 3559 605 3638 exempla
622 3563 824 3633 inveniuntur,
847 3562 873 3619 si
894 3560 933 3620 ab
951 3579 985 3620 eo
1004 3561 1083 3640 quod
1104 3565 1136 3620 in
1152 3561 1230 3620 binis
1249 3562 1385 3623 versibus

294 3647 442 3706 continuis
461 3652 512 3703 aut
528 3647 635 3704 vicinis
653 3653 682 3704 et
703 3648 736 3704 iu
752 3644 934 3723 singulomm
951 3664 1089 3707 versuum
1106 3647 1299 3706 hemistichiis
1318 3647 1385 3708 fieri

293 3732 369 3792 solet
385 3729 558 3790 recedimus.
594 3729 745 3789 attulimus
768 3739 867 3790 autem
888 3752 949 3790 non
969 3731 1062 3805 nulla,
1085 3734 1118 3791 in
1140 3731 1247 3811 quibus
1269 3736 1385 3811 primae

294 3815 411 3896 ¹quoque
429 3817 544 3877 litterae
566 3815 687 3875 eaedem
704 3824 779 3889 sunt,
801 3818 862 3875 iam
878 3816 979 3896 paullo
997 3824 1075 3891 ante,
1092 3820 1224 3897 actisque
1240 3816 1384 3878 hahemus

291 3901 342 3962 hic
355 3923 448 3962 uuum
462 3900 571 3962 addere
584 3900 663 3980 quod
676 3903 709 3959 in
723 3903 825 3980 primis
837 3903 899 3960 vim
912 3902 1009 3974 habet,
1027 3904 1114 3974 vadit,
1131 3904 1235 3976 fremit,
1254 3904 1384 3978 refringit

292 3991 417 4063 uirgulta
434 3987 471 4046 de
489 3985 576 4047 leone
593 3985 721 4065 Cybeles
740 3986 851 4045 dictum
868 3990 900 4046 in
919 4006 943 4046 c.
962 3987 1072 4047 LXIII
1090 3989 1138 4046 86.
1174 3987 1275 4066 paullo
1292 3987 1384 4048 latins

292 4080 374 4151 patet
400 4073 513 4150 figurae
543 4093 613 4132 usus
639 4070 861 4150 etymologicae.
906 4072 943 4132 de
970 4074 1053 4131 cuius
1083 4074 1115 4131 in
1141 4073 1247 4150 lingua
1271 4072 1384 4132 Latina

290 4158 449 4233 generibus
467 4176 562 4237 nuper
579 4179 645 4218 cum
661 4177 730 4218 cura
744 4157 910 4238 disputavit
924 4157 1074 4220 Gustavus
1087 4157 1288 4235 Landgrafius
1306 4166 1384 4218 acto
