2968 4990
605 388 723 444 LIBER

278 513 335 579 ubi
351 513 411 579 iste
428 522 501 598 post
517 511 667 598 phaselus
685 522 779 577 antea
795 510 857 577 fuit

278 617 403 672 comata
421 607 514 671 silva:
531 629 607 670 nam
626 603 758 691 Cytorio
775 604 808 669 in
826 605 902 691 iugo

277 701 428 785 loquente
445 722 541 786 saepe
560 699 687 765 sibilum
706 699 804 765 edidit
822 721 923 764 coma.

277 795 421 860 Amastri
437 795 574 860 Pontica
591 804 623 859 et
641 791 761 879 Cytore
778 793 915 870 buxifer,

278 889 336 953 tibi
353 888 433 954 haec
450 888 550 953 fuisse
568 898 600 953 et
617 910 687 954 esse
705 887 921 973 cognitissima

279 982 324 1047 ait
340 981 504 1068 phaselusz
523 981 635 1046 ultima
652 1003 692 1046 ex
709 981 832 1066 origine

279 1087 334 1140 tuo
353 1075 476 1141 stetisse
494 1075 570 1140 dicit
587 1075 621 1139 in
639 1075 814 1152 cacumine,

277 1180 333 1235 tuo
350 1168 502 1234 imbuisse
519 1167 677 1255 palmulas
694 1168 727 1233 in
745 1190 894 1252 aequore,

279 1274 311 1328 et
327 1263 402 1329 inde
419 1273 468 1329 tot
484 1285 541 1348 per
557 1263 732 1348 inpotentia
749 1262 832 1328 freta

278 1380 367 1422 erum
385 1356 506 1435 tulisse,
525 1358 617 1421 laeva
635 1356 702 1422 sive
719 1357 850 1423 dextera

229 1474 233 1480 ·
278 1460 406 1516 vocaret
424 1473 511 1526 aura,
530 1451 598 1515 sive
616 1461 786 1534 utrumque
804 1449 948 1535 Iuppiter

278 1542 372 1609 simul
390 1543 548 1609 secundus
566 1543 729 1609 incidisset
745 1545 778 1608 in
795 1544 909 1630 pedem
915 1567 924 1619 ;

265 1635 381 1722 'nequo
398 1638 464 1703 ulla
481 1649 556 1703 vota
572 1638 748 1724 litoralibus
767 1639 834 1704 deis

278 1730 339 1796 sibi
357 1747 426 1796 esse
444 1732 539 1810 facta,
558 1753 632 1796 oum
651 1731 773 1797 veniret
790 1755 810 1802 a
826 1731 906 1797 mari

276 1825 449 1890 novissimo
466 1825 552 1890 hunc
569 1825 611 1890 ad
629 1848 731 1910 usque
749 1826 917 1912 limpidum
934 1826 1049 1890 lacum.

278 1918 336 1984 sed
352 1919 431 1984 haec
448 1919 536 2004 prius
553 1919 658 1985 fuere:
677 1942 763 1985 nuuc
780 1919 944 1986 recondita

278 2022 368 2078 senet
384 2012 490 2096 quiete
508 2034 606 2096 seque
626 2013 751 2078 dedicat
768 2014 836 2089 tibi,

277 2107 413 2192 gemelle
431 2106 546 2172 Castor
563 2117 595 2171 et
611 2107 747 2192 gemelle
765 2105 917 2175 Castoris.

639 2362 681 2429 V.

276 2481 443 2559 Vivamus,
462 2503 535 2547 mea
551 2481 682 2559 Lesbia,
700 2491 796 2568 atque
814 2503 966 2558 amemus,

276 2596 483 2658 rumoresque
501 2597 614 2640 senum
631 2574 826 2641 severiorum

277 2691 386 2734 omnes
404 2668 497 2732 unius
515 2670 718 2735 aestimemus
735 2670 826 2736 assis.

276 2763 359 2830 soles
376 2760 519 2827 occidere
538 2774 569 2827 et
585 2763 689 2828 redire
706 2773 852 2848 possunt:

276 2855 378 2931 nobis,
397 2877 469 2920 cum
486 2856 583 2920 semel
601 2856 717 2921 occidit
733 2857 839 2922 brevis
855 2856 922 2934 lux,
980 2849 981 2852 ¹

262 2951 340 3026 lnox
358 2959 406 3012 est
421 2959 576 3033 perpetua
593 2972 659 3013 una
676 2949 871 3014 dormiendo.

276 3043 318 3108 da
335 3040 379 3105 mi
397 3041 486 3106 basia
503 3041 599 3119 mille,
618 3042 734 3107 deinde
752 3053 890 3119 centum,

276 3135 350 3202 dein
367 3134 454 3200 mille
471 3135 580 3211 altera,
599 3136 673 3201 dein
691 3135 831 3202 secunda
849 3145 987 3213 centum,

276 3230 389 3295 (lunda
407 3250 509 3314 usque
527 3230 625 3295 altera
643 3231 739 3308 mille,
758 3230 872 3295 deinde
890 3241 1027 3297 centum.

275 3324 359 3401 dein,
377 3346 451 3389 oum
468 3322 555 3388 milia
572 3323 672 3388 multa
688 3324 867 3401 fecerimus,

276 3417 536 3484 conturbabimus
553 3418 617 3494 illa,
635 3440 676 3482 ne
695 3418 841 3495 sciamus,

167 3522 170 3526 ’
275 3521 332 3577 aut
347 3510 459 3595 nequis
477 3510 579 3576 malus
597 3511 739 3577 invidere
756 3513 866 3597 possit,

274 3625 349 3672 cum
365 3614 489 3670 tautum
512 3605 590 3670 sciet
607 3627 677 3671 esse
694 3605 866 3671 basiorum.

627 3861 688 3929 VL

273 3981 377 4058 Flavi,
397 3980 525 4048 delicias
544 3991 614 4046 tuas
633 3980 771 4058 Catullo,

273 4076 308 4141 ni
326 4075 390 4141 sint
406 4074 563 4161 inlepidae
582 4085 678 4158 atquo
695 4075 900 4160 inelegantes‚

273 4170 371 4237 velles
390 4167 506 4249 dicere,
523 4191 583 4236 nec
600 4179 706 4236 tacere
724 4190 844 4256 posses.
