2968 4990
296 392 404 436 mxu
732 388 962 433 Pnonaaoafflrsa

297 519 412 592 partem
429 519 565 590 putamus
588 528 689 570 eorum
706 508 918 568 vocabulorum
936 507 1104 568 ducendam
1121 526 1186 569 esse
1202 528 1280 590 quae
1301 509 1416 570 hodie

299 597 380 678 apud
402 596 551 656 Catullum
572 595 667 656 solum
689 594 829 672 leguntur
849 603 901 652 aut
921 593 1061 653 inferiore
1084 593 1202 653 demum
1225 594 1413 655 litterarum

298 678 474 742 Latinarum
496 688 593 741 aetate
614 698 715 738 rursus
737 687 905 758 conparent
941 698 1064 760 quorum
1085 698 1147 738 non
1169 679 1252 738 nulla
1270 679 1412 758 quidem

299 767 453 848 probabile
477 775 522 825 est
544 765 582 824 ab
604 766 668 844 ipso
690 771 802 823 novata
822 783 894 836 esse,
917 766 950 822 in
972 765 1074 842 primis
1091 765 1277 841 falsiparens,
1296 769 1408 823 lasar-

296 855 400 930 piciser
425 860 455 912 et
480 850 588 910 similia
613 847 759 928 quaedam
785 869 851 909 cum
880 847 994 909 Graeco
1020 851 1140 909 nomine
1165 849 1297 908 Nereine.
1345 851 1408 910 sed

300 938 361 998 alia
377 944 507 996 veterem
523 933 707 1011 tragoediam
721 934 863 1007 redolent,
882 953 928 994 ex.
943 953 985 1010 gr.
1000 935 1135 1005 iustificus
1153 937 1292 1011 amplifice
1306 938 1410 1006 fluen-

300 1026 407 1082 tisouus
429 1023 632 1094 uuaoeivapus.
667 1020 754 1098 plura
776 1023 866 1079 etiam
887 1017 1010 1098 adparet
1032 1018 1201 1078 comoediae
1218 1018 1323 1080 deberi
1346 1030 1407 1080 aut

301 1109 429 1168 sermoni
451 1105 592 1164 familiari
609 1104 659 1164 vel
680 1104 799 1183 plebeio
817 1105 909 1182 ipsius
926 1105 1066 1183 temporis
1083 1103 1247 1163 Catulliani
1265 1125 1284 1164 a
1301 1111 1404 1165 comi·

301 1213 401 1252 corum
423 1209 557 1252 sermone
579 1193 634 1248 vix
654 1190 780 1249 multum
803 1188 959 1261 differenti,
982 1189 1066 1248 velut
1089 1192 1278 1266 caprimulgus
1296 1195 1405 1266 sepul-

301 1289 404 1337 cretam
416 1279 557 1351 argutatio
576 1277 745 1352 tepefactaee
759 1285 950 1352 supperuatus
963 1283 1053 1352 atque
1066 1274 1194 1334 obscena
1206 1278 1264 1333 ista
1279 1286 1404 1335 trueure

295 1365 468 1440 perdepsere
490 1363 649 1434 confutuere
670 1362 808 1434 ecfutuere
830 1356 922 1438 (quod
944 1358 1067 1418 verbum
1090 1363 1178 1418 etiam
1205 1363 1239 1418 in
1262 1358 1400 1420 disticho

299 1452 444 1527 reperitur
462 1467 480 1506 a
493 1445 638 1505 militibus
652 1444 840 1506 Caesarianis
857 1463 909 1522 per
924 1443 1072 1506 Gallicum
1085 1444 1266 1523 triumphum
1281 1447 1398 1506 iactato

300 1533 381 1612 apud
394 1531 579 1592 Sueton.Iul.
591 1529 645 1608 51)
659 1540 810 1607 eupatrare
824 1531 927 1602 statutio
945 1530 1087 1602 defututus
1105 1532 1250 1606 diffututus
1263 1533 1397 1606 peditum

300 1627 330 1679 et
346 1617 379 1676 id
395 1635 489 1695 genus
511 1615 635 1694 reliqua.
669 1633 767 1693 neque
788 1613 825 1674 ab
847 1614 904 1674 hoc
926 1633 1047 1674 numero
1070 1614 1168 1673 aliena
1186 1622 1255 1673 sunt
1272 1614 1398 1675 Graeca

301 1702 447 1782 quaedam
464 1700 611 1760 vocabula
628 1703 738 1780 quippe
755 1698 837 1758 haud
854 1697 944 1759 dubie
960 1702 994 1758 in
1012 1703 1159 1758 communi
1176 1707 1240 1758 turn
1255 1720 1396 1760 sermone

300 1790 379 1858 trita,
398 1795 432 1846 ut
449 1805 650 1861 muenwsyaum
668 1787 822 1860 epistolium
840 1786 1030 1860 catagraphus
1047 1787 1150 1842 miusice
1167 1782 1227 1859 (cui
1247 1784 1396 1845 adverbio

300 1873 410 1932 similia
432 1874 503 1931 satis
526 1870 619 1929 multa
636 1870 761 1929 Plautus
780 1869 878 1942 habet,
903 1869 979 1928 conf.
997 1870 1161 1928 Lorennius
1179 1869 1217 1927 ad
1235 1870 1297 1928 mil
1317 1871 1395 1947 glor.

302 1957 385 2034 212).
420 1954 609 2016 memorabile
631 1963 729 2014 autem
752 1963 797 2014 est
817 1974 909 2013 unum
927 1953 1106 2014 vocabulum
1123 1961 1241 2033 poetam
1258 1974 1275 2014 e
1292 1959 1396 2034 patria

299 2046 455 2123 provincia
477 2040 645 2115 adduxisse,
668 2060 738 2099 nam
758 2043 906 2117 picaenum
922 2058 989 2099 eum
1006 2042 1086 2098 circa
1101 2039 1218 2098 Padum
1235 2043 1394 2101 invenisse

300 2137 425 2190 testatur
442 2127 647 2202 Quintilianus
662 2125 681 2184 1
698 2127 716 2184 5
736 2125 764 2184 8.
801 2127 849 2184 cui
871 2125 985 2184 nomini
1006 2123 1131 2184 fortasse
1152 2123 1323 2184 addendum
1344 2129 1396 2184 ba⁴

300 2217 371 2273 sium
388 2211 468 2288 (cnm
485 2211 555 2271 inde
573 2210 706 2271 deductis
724 2213 835 2268 basiare
852 2218 881 2268 et
899 2207 1037 2286 lauatio),
1060 2209 1141 2288 quod
1158 2231 1219 2269 non
1236 2212 1395 2270 invenitur

300 2309 369 2360 ante
388 2297 538 2357 Catullum
560 2315 656 2376 neque
673 2295 815 2354 Latinam
836 2298 958 2373 stirpem
980 2293 1078 2366 habet,
1101 2293 1154 2355 sed
1175 2295 1333 2374 paullatim
1360 2300 1394 2356 in

301 2402 435 2444 sermone
461 2381 580 2458 vulgari
606 2381 680 2440 adeo
706 2381 818 2441 evaluit
838 2386 873 2438 ut
893 2383 927 2438 in
949 2397 1050 2438 omnes
1075 2379 1194 2457 linguas
1220 2400 1258 2439 ex
1279 2381 1395 2441 Latina
1471 2429 1472 2441 .

301 2477 380 2527 ortas
393 2469 539 2540 transiret,
558 2486 618 2545 qua
635 2464 672 2524 de
689 2485 721 2525 re
739 2464 901 2543 disputavit
914 2465 1064 2543 Hauptins
1078 2485 1175 2544 opusc.
1190 2466 1232 2538 II,
1248 2486 1277 2545 p.
1294 2467 1357 2524 109
1369 2488 1393 2526 s.

302 2552 379 2612 conf.
402 2550 482 2610 idem
503 2550 584 2630 apud
604 2550 762 2626 Belgarum
779 2570 807 2628 p.
827 2552 897 2608 244.
936 2570 1023 2628 porro
1051 2549 1205 2608 familiaris
1227 2559 1257 2610 et
1279 2551 1392 2630 plebeii

302 2640 443 2698 sermonis
472 2638 623 2714 proprium
654 2654 717 2694 esse
742 2654 828 2694 usum
858 2638 1011 2694 nonsinum
1037 2634 1286 2694 deminutivorum
1313 2639 1393 2696 inter

301 2742 403 2783 omnes
425 2729 547 2781 constat
582 2720 689 2800 quibus
710 2726 799 2798 poeta
820 2719 1000 2780 Veronensis
1022 2728 1052 2779 et
1073 2720 1265 2780 substantivis
1286 2728 1318 2780 et
1338 2722 1390 2780 ad-

300 2809 417 2870 iectivis
439 2827 528 2886 qnam
553 2809 684 2866 maxime
706 2804 867 2866 delectatus
890 2813 942 2877 est,
969 2804 1116 2885 habetque
1143 2805 1306 2882 singularia
1326 2827 1390 2867 non

301 2914 405 2975 pauca,
423 2892 517 2952 veluti
536 2894 649 2966 fabella
665 2893 808 2949 leaticulae
826 2892 961 2948 saviolum
978 2894 1132 2948 aconitum
1149 2893 1277 2948 aridalm
1295 2895 1390 2951 euadi-
1470 2940 1471 2952 .

301 2984 377 3039 tulus
388 2982 523 3038 lassulus.
549 2975 610 3035 vid.
619 2975 710 3036 index
724 2979 932 3054 grammaticus
945 2995 967 3034 s.
976 2995 1004 3033 v.
1019 2974 1238 3036 ‘deminutiva’.
1266 2974 1391 3056 adparet

301 3074 400 3125 autern
418 3084 507 3144 quam
524 3070 612 3142 aptae
627 3061 702 3121 tales
720 3079 808 3120 voces
825 3063 867 3118 eis
885 3060 1069 3138 potissimum
1081 3059 1192 3120 fuerint
1207 3062 1390 3122 carminibus

300 3153 333 3210 in
351 3151 458 3230 quibus
474 3148 608 3208 Catullus
625 3149 759 3227 proprios
777 3147 869 3204 animi
887 3145 1008 3204 affectus
1025 3149 1177 3224 expressit.
1205 3149 1314 3205 etenim
1327 3168 1390 3206 non

302 3235 395 3295 solum
412 3253 494 3292 amor
511 3242 540 3293 et
557 3232 710 3292 inclinatio
724 3231 886 3289 voluntatis
904 3237 934 3289 et
950 3231 1084 3290 hilaritas
1097 3231 1265 3311 similesque
1281 3239 1390 3306 motus,

301 3318 354 3378 sed
372 3321 461 3378 etiam
478 3321 533 3398 qui
551 3318 597 3377 his
615 3325 684 3376 sunt
705 3318 845 3377 conon-ii
867 3314 1056 3375 deminutivis
1074 3315 1238 3393 significari
1254 3326 1390 3395 possunt,

301 3403 521 3482 efficaciterque
538 3401 696 3462 admodum
718 3404 752 3460 in
775 3400 954 3460 carminibus
971 3400 1064 3460 XXV
1081 3409 1111 3460 et
1127 3400 1218 3460 LVII
1236 3421 1271 3461 ea
1288 3421 1391 3462 cumu-

300 3489 375 3547 lavit
396 3494 484 3566 poeta
505 3486 544 3545 ad
565 3484 821 3566 perstringendam
838 3484 940 3544 Thalli
962 3493 992 3545 et
1010 3485 1144 3545 Caesaris
1162 3485 1388 3567 Mamurraeque

300 3573 462 3632 mollitiem.
506 3570 591 3648 vulgi
618 3571 858 3630 consuetudinem
881 3570 1015 3631 Catullus
1038 3573 1127 3630 etiam
1147 3575 1181 3630 in
1208 3590 1241 3630 eo
1267 3574 1389 3631 retinuit

300 3658 380 3740 quod
402 3659 561 3734 pugillaria
586 3655 757 3716 neutraliter
784 3655 868 3729 dixit,
897 3676 985 3736 quam
1007 3655 1044 3716 ob
1071 3675 1134 3716 rem
1155 3664 1229 3716 teste
1253 3655 1389 3716 Charisia

299 3766 328 3825 p.
348 3743 451 3814 9711..
477 3745 560 3801 cuius
583 3742 675 3801 verba
692 3741 842 3819 Hauptius
865 3761 963 3820 opusc.
986 3741 1028 3815 11,
1047 3762 1075 3820 p.
1095 3742 1135 3800 68
1154 3760 1191 3801 ss.
1209 3741 1387 3816 inlustravit,

300 3831 338 3890 ab
356 3829 464 3888 Asinio
485 3827 623 3886 Pollione
644 3829 677 3885 in
700 3829 908 3885 commentario
930 3826 1125 3904 reprehensus
1148 3834 1200 3886 est.
1236 3830 1297 3886 iam
1318 3847 1389 3887 vcro

300 3916 340 3974 ad
365 3914 508 3995 syntaxin
534 3920 566 3972 ut
591 3920 782 3981 transeamus,
810 3913 863 3969 vix
888 3915 1029 3990 pauciora
1050 3911 1093 3970 ihi
1117 3912 1205 3991 prisci
1229 3919 1258 3971 et
1279 3912 1388 3990 plebeii

301 4002 442 4060 sermonis
464 3999 591 4076 vestigia
614 3996 869 4076 deprehendimus.
911 4016 1171 4056 commemoramus
1193 3999 1316 4056 nomina
1339 3997 1388 4056 ab·

301 4093 410 4144 structa
440 4103 527 4163 saepe
558 4082 596 4143 de
626 4082 794 4142 hominibus
825 4081 968 4156 adhibita,
1004 4101 1081 4162 quae
1111 4101 1252 4158 magnam
1276 4089 1388 4161 partem

300 4168 470 4230 comoediae
496 4171 667 4230 memoriam
689 4166 775 4227 nobis
798 4166 944 4242 adferunt,
971 4168 1055 4227 velut
1081 4170 1158 4226 iocus
1179 4177 1279 4244 stupor
1304 4171 1391 4226 lutam
