2968 4990
265 368 339 412 xcw
699 363 925 406 PROLEGOMENA

265 487 419 566 promittit.
446 503 519 565 quos
536 482 616 543 locos
630 483 682 563 qui
696 481 858 542 secundum
871 484 1017 541 rationem
1031 483 1103 542 artis
1118 481 1376 544 hernreneuticae

268 573 491 642 examinaverit,
515 589 576 628 non
597 571 706 646 poterit
727 570 799 646 quin
820 569 948 646 passeris
971 569 1091 628 nomine
1113 567 1248 628 libellum
1266 589 1375 647 quen-

268 657 337 716 dam
358 663 464 735 poetae
481 655 662 714 Veronensis
684 652 810 712 indicari
832 651 1002 730 adgnoscat.
1045 672 1081 712 ac
1101 653 1228 731 priorem
1251 653 1373 712 horum
1413 719 1417 724 ,

267 743 400 802 locorum
423 742 466 799 ita
486 736 740 817 interpretandum
765 755 830 796 esse
851 737 1007 815 conplures
1028 744 1117 796 antea
1137 737 1372 811 intellexerant,

267 826 361 887 veluti
379 823 531 886 Gerardus
548 824 677 882 Ioannes
694 823 817 882 Vossius
840 821 877 882 de
893 824 988 901 poetis
1005 821 1123 880 Latinis
1142 842 1204 901 cap.
1222 823 1249 896 I,
1266 823 1371 882 Leut—

268 912 367 970 schius
381 909 483 988 philol.
491 909 532 980 X,
541 929 569 986 p.
581 908 652 980 735,
666 907 726 980 alii,
740 909 798 966 nisi
811 906 891 986 quod
904 911 959 966 toti
972 909 1136 966 carminum
1149 909 1265 986 corpori
1278 908 1371 988 quod

268 1004 351 1056 extat
371 993 448 1052 illud
469 1011 577 1052 nomen
595 993 686 1052 fuisse
703 992 930 1052 arbitrabantur.
965 1010 1070 1051 verum
1087 990 1210 1070 adparet
1226 1012 1289 1051 non
1310 1013 1368 1072 po·

266 1084 360 1139 tuisse
377 1081 420 1139 sic
436 1080 496 1138 nisi
513 1097 580 1138 eum
602 1078 710 1137 librum
728 1076 873 1156 adpellari
893 1080 926 1136 in
944 1097 1002 1156 quo
1020 1096 1139 1136 carmen
1156 1097 1235 1136 nunc
1254 1095 1367 1137 secun·

268 1164 348 1239 dum,
371 1163 451 1244 quod
469 1184 487 1223 a
507 1164 606 1222 verbis
629 1163 751 1242 ‘pesser,
774 1161 900 1221 deliciae
916 1180 1001 1220 meae
1017 1161 1148 1240 puellae’
1166 1164 1279 1240 incipit,
1299 1165 1368 1241 pri-

268 1271 348 1310 mum
369 1250 468 1310 locum
485 1249 638 1308 obtineret
673 1251 781 1327 quippe
800 1245 981 1306 consuetudo
999 1253 1063 1306 erat
1084 1255 1217 1306 veterum
1234 1255 1268 1306 ut
1285 1257 1368 1307 nota

268 1356 357 1415 opera
379 1337 565 1414 maximeque
585 1342 739 1412 poetarum
756 1332 794 1391 ab
815 1335 880 1410 ipso
898 1351 999 1391 eorum
1017 1331 1138 1392 exordio
1157 1331 1364 1408 designarent,

266 1421 360 1482 veluti
381 1419 460 1480 idem
481 1419 628 1478 Martialis
645 1416 782 1478 Aeneida
797 1416 926 1493 Vergilii
947 1414 1046 1476 verbis
1069 1416 1165 1475 ‘arma
1185 1419 1364 1497 virumque'

266 1507 448 1584 significavit
468 1507 501 1563 in
524 1503 720 1563 V1115619
744 1510 774 1561 et
794 1502 872 1561 XIV
892 1501 951 1560 185
971 1503 1000 1575 2,
1027 1503 1110 1562 cuius
1131 1503 1175 1562 rei
1195 1501 1285 1580 plura
1308 1522 1362 1562 ex·

267 1592 366 1670 ampla
387 1589 485 1649 attulit
508 1586 544 1647 Ο.
562 1586 686 1646 Iahnius
708 1586 748 1646 ad
763 1582 900 1646 Persium
921 1606 950 1665 p.
970 1588 1063 1646 103s.
1098 1587 1169 1646 hino
1186 1586 1364 1664 colligimus

268 1696 335 1736 cum
347 1676 481 1734 Brunero
495 1692 588 1732 unum
604 1671 739 1730 libellum
752 1670 864 1730 catulli
881 1671 972 1730 scrisse
985 1674 1037 1752 qui
1053 1691 1073 1730 a
1088 1673 1180 1750 priori
1193 1676 1364 1732 carminum

267 1762 306 1820 ds
328 1778 446 1838 passere
463 1758 599 1827 Lesbiae,
622 1757 714 1816 alium
736 1759 788 1836 qui
809 1777 827 1815 a
849 1759 979 1815 carmine
1001 1756 1041 1815 ad
1058 1756 1228 1817 Cornelium
1245 1760 1364 1836 scripto

266 1847 386 1906 initium
409 1849 544 1904 sumeret
579 1841 692 1902 dictum
714 1850 758 1901 est
779 1840 898 1921 quidem
916 1849 946 1900 et
967 1840 1038 1900 olim
1056 1849 1086 1900 et
1107 1862 1202 1920 nuper
1218 1862 1323 1901 rursus
1342 1863 1364 1901 a

267 1929 406 1991 Schuluio
423 1928 443 1988 l.
457 1948 481 1988 e
499 1948 528 2008 p.
544 1928 604 1986 206
621 1929 801 2006 poematium
817 1927 874 1985 hoe
892 1929 1045 2005 posterius,
1063 1947 1128 1986 curn
1148 1935 1224 1986 esset
1240 1927 1362 2006 praefa-

266 2019 356 2076 tionis
382 2014 455 2086 loco,
484 2020 569 2074 extra
595 2012 728 2072 ordinem
754 2030 817 2072 esse
843 2011 1070 2091 Martialemque
1095 2011 1190 2071 libelli
1216 2012 1362 2073 Cornelio

268 2101 359 2161 dicati
380 2098 609 2179 adpellationem
630 2098 668 2158 ab
690 2099 775 2157 initio
799 2099 862 2156 eius
884 2098 1022 2155 carminis
1044 2095 1125 2175 quod
1141 2115 1211 2156 vere
1226 2100 1361 2175 primum

267 2194 343 2247 esset
367 2188 460 2264 ipsius
486 2187 615 2262 eorporis
638 2184 820 2263 repetivisse.
864 2200 941 2262 quae
966 2180 1085 2261 quidem
1112 2185 1259 2242 sententie
1283 2181 1361 2242 inde

267 2271 363 2333 videri
379 2277 476 2350 potest
492 2268 607 2349 aliquid
622 2267 764 2347 praesidii
780 2267 890 2326 hebere
907 2265 986 2347 quod
999 2266 1134 2326 Catullus
1151 2268 1185 2326 in
1200 2266 1361 2326 versiculis

268 2356 307 2416 ad
325 2355 496 2415 Cornelium
512 2356 557 2413 ita
574 2353 611 2412 de
627 2353 727 2413 libello
745 2351 790 2411 illi
804 2350 942 2411 donando
959 2350 1095 2431 loquitur,
1114 2353 1199 2431 quasi
1215 2351 1359 2426 volumen

267 2462 325 2521 quo
347 2440 479 2499 inclusus
503 2445 547 2498 est
568 2439 627 2497 iam
648 2445 785 2516 paratum
806 2439 838 2495 in
859 2435 996 2495 manibus
1018 2444 1126 2510 teneat,
1142 2438 1257 2517 ‚quippe
1275 2437 1360 2517 quod

267 2524 400 2604 lepidum
422 2531 452 2584 et
472 2542 583 2581 novum
610 2532 639 2582 et
665 2521 752 2581 modo
773 2523 891 2600 pumice
918 2520 1080 2601 expolitum
1103 2521 1190 2581 dicet
1233 2529 1265 2581 at
1290 2541 1359 2582 eam

267 2611 417 2669 fictionem
433 2610 580 2687 poeticam
594 2625 657 2666 esse
674 2605 763 2665 facile
775 2608 977 2687 unusquisque
990 2610 1104 2666 sentiet.
1131 2606 1184 2667 sed
1196 2607 1245 2665 fac
1256 2610 1359 2685 ipsum

266 2702 385 2775 poetam
411 2692 625 2753 dedicationem
653 2694 686 2750 in
711 2693 852 2752 interiore
875 2700 960 2771 parte
985 2692 1175 2752 membranae
1198 2710 1275 2773 quae
1300 2712 1359 2771 pro

267 2780 419 2840 involucro
437 2776 582 2836 volumini
599 2785 663 2836 eret
674 2779 866 2856 inscripsisse,
884 2775 965 2857 quod
978 2778 1127 2836 veteribus
1145 2779 1177 2836 in
1189 2797 1246 2836 usu
1262 2777 1359 2837 fuisse

268 2865 392 2927 Gabriel
403 2864 579 2940 Peignotius
595 2865 629 2922 in
642 2861 845 2922 dissertatione
863 2862 926 2921 ‘sur
942 2861 973 2919 la
989 2862 1097 2921 reliure
1114 2861 1166 2921 des
1178 2861 1267 2920 livres
1282 2861 1359 2921 chez

267 2951 310 3011 les
324 2948 457 3011 anciens’
475 2969 504 3029 p.
515 2948 555 3007 53
565 2967 588 3008 s.
602 2946 767 3007 contendit:
786 2966 852 3007 eam
866 2946 1116 3020 consuetudinem,
1135 2949 1161 3006 si
1179 2966 1238 3026 qua
1254 2945 1358 3020 fuerit,

267 3038 320 3094 vix
337 3038 369 3094 in
387 3036 541 3112 descriptis
559 3033 777 3111 exemplaribus
794 3040 940 3092 retentam
959 3051 1022 3092 esse
1039 3033 1174 3092 Brunero
1192 3031 1359 3091 conceden-

267 3121 338 3181 dum
357 3123 420 3180 erit.
447 3118 540 3178 multo
554 3126 652 3179 autem
667 3121 789 3195 gravius
806 3116 862 3176 boc
876 3125 928 3191 est,
947 3115 1026 3197 quod
1039 3117 1118 3176 idem
1130 3119 1191 3175 iam
1203 3117 1358 3177 Brunerns
1473 3171 1474 3174 ,

267 3205 430 3277 adnotavit,
457 3203 536 3283 quod
556 3203 704 3262 Martialis
725 3220 873 3281 passerem
894 3222 913 3261 a
935 3200 1052 3262 Catullo
1076 3201 1200 3261 fortasse
1220 3202 1359 3278 Vergilio

268 3292 390 3349 missum
403 3307 467 3349 esse
484 3287 565 3348 nullo
579 3288 667 3348 modo
680 3291 777 3369 potuit
785 3288 907 3364 fingere,
926 3288 951 3345 si
963 3289 1049 3347 initio
1063 3289 1126 3346 eius
1139 3287 1209 3346 libri
1223 3287 1359 3346 omnium

268 3374 362 3434 oculis
389 3372 521 3433 Cornelii
549 3393 659 3435 nomen
689 3392 722 3433 se
751 3371 913 3432 obtulisset.
955 3373 1045 3430 immo
1075 3371 1132 3430 hoc
1159 3378 1357 3432 commentum

267 3466 373 3539 poetae
399 3455 566 3516 Bilbilitani
593 3457 768 3518 documento
796 3465 840 3518 est
869 3475 1018 3536 passerem
1043 3458 1158 3516 nemini
1182 3458 1358 3534 inscriptum

267 3545 368 3606 brisce.
404 3560 442 3602 ne
460 3544 525 3622 quis
544 3545 624 3601 enim
640 3545 683 3602 ita
701 3561 764 3603 sese
784 3562 822 3603 ex
840 3540 1014 3601 difficultate
1032 3541 1172 3621 expedire
1190 3551 1311 3601 conetur
1321 3551 1358 3601 ut

268 3631 414 3712 quaedam
436 3630 601 3686 carminum
618 3625 853 3687 Catullianorum
874 3626 1056 3707 exemplaria
1076 3630 1136 3686 ista
1153 3626 1192 3685 ad
1209 3627 1358 3705 Nepotem

267 3712 503 3796 praefatiuncula
518 3715 646 3772 caruisse
659 3731 819 3792 eorumque
831 3732 890 3772 uno
905 3713 1072 3772 Martialem
1086 3731 1172 3772 usum
1190 3730 1254 3772 esse
1267 3711 1357 3787 dicat,

269 3805 515 3881 epigrammatum
541 3799 604 3858 eius
630 3798 722 3857 1112
750 3796 865 3875 inpedit
894 3800 927 3856 in
953 3804 1056 3876 aperta
1080 3798 1246 3857 imitatione
1275 3795 1358 3856 illius

268 3887 409 3967 poematii
425 3887 554 3964 positum
572 3881 662 3958 (conf.
678 3885 768 3942 etiam
782 3883 859 3942 VIII
872 3880 934 3958 72).
961 3881 1067 3962 quodsi
1084 3883 1251 3963 quaerimus
1269 3901 1358 3962 quee-

269 3992 339 4032 uam
360 3972 492 4031 carmina
512 3987 615 4048 passer
635 3969 822 4042 continuerit,
849 3987 910 4028 non
933 3985 1031 4028 errare
1052 3969 1138 4027 nobis
1160 3966 1304 4039 videmur,
1330 3971 1359 4026 si

268 4056 409 4136 pleraque
426 4074 526 4116 eorum
543 4072 620 4135 qnae
637 4053 676 4112 ad
689 4053 817 4113 Lesbiae
834 4071 964 4112 amorem
981 4060 1123 4133 spectant,
1142 4052 1249 4131 quibus
1266 4055 1358 4112 etiam

268 4144 483 4220 epigrammata
498 4143 532 4200 in
544 4139 653 4201 rivales
670 4139 751 4199 facta
765 4138 1001 4212 adnumeremus,
1018 4140 1197 4200 intermixtis
1212 4138 1278 4198 aliis
1295 4157 1358 4197 non
