<?xml version="1.0" encoding="UTF-8"?>
<!DOCTYPE html PUBLIC "-//W3C//DTD XHTML 1.0 Transitional//EN"
    "http://www.w3.org/TR/xhtml1/DTD/xhtml1-transitional.dtd">
<html xmlns="http://www.w3.org/1999/xhtml" xml:lang="en" lang="en">
 <head>
  <title>
</title>
<meta http-equiv="Content-Type" content="text/html;charset=utf-8" />
  <meta name='ocr-system' content='tesseract 3.04.00' />
  <meta name='ocr-capabilities' content='ocr_page ocr_carea ocr_par ocr_line ocrx_word'/>
</head>
<body>
  <div class='ocr_page' id='page_1' title='image "./carmina01schmgoog_0196.png"; bbox 0 0 2976 5004; ppageno 0'>
   <div class='ocr_carea' id='block_1_1' title="bbox 579 396 696 453">
    <p class='ocr_par' dir='ltr' id='par_1_1' title="bbox 579 396 696 453">
     <span class='ocr_line' id='line_1_1' title="bbox 579 396 696 453; baseline 0.009 -1"><span class='ocrx_word' id='word_1_1' title='bbox 579 396 696 453; x_wconf 82' lang='lat' dir='ltr'><strong>LIBER</strong></span> 
     </span>
    </p>
   </div>
   <div class='ocr_carea' id='block_1_2' title="bbox 109 519 932 708">
    <p class='ocr_par' dir='ltr' id='par_1_2' title="bbox 109 519 932 708">
     <span class='ocr_line' id='line_1_2' title="bbox 162 519 793 605; baseline -0.003 -19"><span class='ocrx_word' id='word_1_2' title='bbox 162 530 202 586; x_wconf 91' lang='lat' dir='ltr'>nt</span> <span class='ocrx_word' id='word_1_3' title='bbox 220 519 336 586; x_wconf 82' lang='lat' dir='ltr'>cedant</span> <span class='ocrx_word' id='word_1_4' title='bbox 352 519 446 585; x_wconf 85' lang='lat' dir='ltr'>certis</span> <span class='ocrx_word' id='word_1_5' title='bbox 464 520 569 586; x_wconf 90' lang='lat' dir='ltr'>sidera</span> <span class='ocrx_word' id='word_1_6' title='bbox 586 520 793 605; x_wconf 83' lang='lat' dir='ltr'>temporibus,</span> 
     </span>
     <span class='ocr_line' id='line_1_3' title="bbox 109 612 932 708; baseline -0.004 -29"><span class='ocrx_word' id='word_1_7' title='bbox 109 625 156 680; x_wconf 92' lang='lat' dir='ltr'>ut</span> <span class='ocrx_word' id='word_1_8' title='bbox 174 614 318 679; x_wconf 85' lang='lat' dir='ltr'>Triviam</span> <span class='ocrx_word' id='word_1_9' title='bbox 335 612 446 679; x_wconf 81' lang='lat' dir='ltr'>furtim</span> <span class='ocrx_word' id='word_1_10' title='bbox 465 614 525 680; x_wconf 90' lang='lat' dir='ltr'>sub</span> <span class='ocrx_word' id='word_1_11' title='bbox 542 614 673 679; x_wconf 89' lang='lat' dir='ltr'>Latmia</span> <span class='ocrx_word' id='word_1_12' title='bbox 691 637 769 679; x_wconf 87' lang='lat' dir='ltr'>saxa</span> <span class='ocrx_word' id='word_1_13' title='bbox 785 612 932 708; x_wconf 83' lang='lat' dir='ltr'>relegans</span> 
     </span>
    </p>
   </div>
   <div class='ocr_carea' id='block_1_3' title="bbox 111 707 1196 4268">
    <p class='ocr_par' dir='ltr' id='par_1_3' title="bbox 111 707 1196 4268">
     <span class='ocr_line' id='line_1_4' title="bbox 165 707 738 794; baseline -0.002 -21"><span class='ocrx_word' id='word_1_14' title='bbox 165 707 269 773; x_wconf 88' lang='lat' dir='ltr'>dulcis</span> <span class='ocrx_word' id='word_1_15' title='bbox 287 728 376 772; x_wconf 91' lang='lat' dir='ltr'>amor</span> <span class='ocrx_word' id='word_1_16' title='bbox 392 730 473 794; x_wconf 87' lang='lat' dir='ltr'>gyro</span> <span class='ocrx_word' id='word_1_17' title='bbox 492 708 624 773; x_wconf 87' lang='lat' dir='ltr'>devocet</span> <span class='ocrx_word' id='word_1_18' title='bbox 641 708 738 783; x_wconf 89' lang='lat' dir='ltr'>aerio,</span> 
     </span>
     <span class='ocr_line' id='line_1_5' title="bbox 111 799 913 867; baseline -0.005 -1"><span class='ocrx_word' id='word_1_19' title='bbox 111 801 208 866; x_wconf 91' lang='lat' dir='ltr'>idem</span> <span class='ocrx_word' id='word_1_20' title='bbox 226 824 277 867; x_wconf 90' lang='lat' dir='ltr'>me</span> <span class='ocrx_word' id='word_1_21' title='bbox 294 800 347 867; x_wconf 89' lang='lat' dir='ltr'>ille</span> <span class='ocrx_word' id='word_1_22' title='bbox 367 799 481 866; x_wconf 87' lang='lat' dir='ltr'>Conon</span> <span class='ocrx_word' id='word_1_23' title='bbox 500 801 627 867; x_wconf 88' lang='lat' dir='ltr'>caelesti</span> <span class='ocrx_word' id='word_1_24' title='bbox 644 800 678 866; x_wconf 91' lang='lat' dir='ltr'>in</span> <span class='ocrx_word' id='word_1_25' title='bbox 695 800 815 867; x_wconf 90' lang='lat' dir='ltr'>lumine</span> <span class='ocrx_word' id='word_1_26' title='bbox 833 799 913 864; x_wconf 89' lang='lat' dir='ltr'>vidit</span> 
     </span>
     <span class='ocr_line' id='line_1_6' title="bbox 164 894 704 960; baseline -0.004 0"><span class='ocrx_word' id='word_1_27' title='bbox 164 917 184 960; x_wconf 90' lang='lat' dir='ltr'>e</span> <span class='ocrx_word' id='word_1_28' title='bbox 202 894 378 960; x_wconf 79' lang='lat' dir='ltr'>Bereniceo</span> <span class='ocrx_word' id='word_1_29' title='bbox 395 895 513 960; x_wconf 85' lang='lat' dir='ltr'>vertice</span> <span class='ocrx_word' id='word_1_30' title='bbox 532 895 704 960; x_wconf 86' lang='lat' dir='ltr'>caesariem</span> 
     </span>
     <span class='ocr_line' id='line_1_7' title="bbox 112 987 893 1074; baseline -0.003 -20"><span class='ocrx_word' id='word_1_31' title='bbox 112 987 298 1074; x_wconf 83' lang='lat' dir='ltr'>fulgentem</span> <span class='ocrx_word' id='word_1_32' title='bbox 321 989 416 1066; x_wconf 88' lang='lat' dir='ltr'>clare,</span> <span class='ocrx_word' id='word_1_33' title='bbox 434 1011 530 1073; x_wconf 88' lang='lat' dir='ltr'>quam</span> <span class='ocrx_word' id='word_1_34' title='bbox 547 990 669 1054; x_wconf 80' lang='lat' dir='ltr'>cunctis</span> <span class='ocrx_word' id='word_1_35' title='bbox 687 989 743 1054; x_wconf 92' lang='lat' dir='ltr'>illa</span> <span class='ocrx_word' id='word_1_36' title='bbox 760 988 893 1054; x_wconf 90' lang='lat' dir='ltr'>deorum</span> 
     </span>
     <span class='ocr_line' id='line_1_8' title="bbox 162 1077 819 1169; baseline -0.005 -21"><span class='ocrx_word' id='word_1_37' title='bbox 162 1083 249 1148; x_wconf 81' lang='lat' dir='ltr'>levia</span> <span class='ocrx_word' id='word_1_38' title='bbox 265 1082 456 1169; x_wconf 87' lang='lat' dir='ltr'>protendens</span> <span class='ocrx_word' id='word_1_39' title='bbox 474 1083 623 1148; x_wconf 87' lang='lat' dir='ltr'>bracchia</span> <span class='ocrx_word' id='word_1_40' title='bbox 640 1077 819 1168; x_wconf 90' lang='lat' dir='ltr'>pollicitast,</span> 
     </span>
     <span class='ocr_line' id='line_1_9' title="bbox 115 1177 1010 1262; baseline 0.002 -22"><span class='ocrx_word' id='word_1_41' title='bbox 115 1198 187 1261; x_wconf 88' lang='lat' dir='ltr'>qua</span> <span class='ocrx_word' id='word_1_42' title='bbox 204 1199 259 1242; x_wconf 89' lang='lat' dir='ltr'>rex</span> <span class='ocrx_word' id='word_1_43' title='bbox 276 1186 463 1262; x_wconf 75' lang='lat' dir='ltr'>tempestate</span> <span class='ocrx_word' id='word_1_44' title='bbox 480 1199 566 1242; x_wconf 85' lang='lat' dir='ltr'>novo</span> <span class='ocrx_word' id='word_1_45' title='bbox 583 1187 695 1242; x_wconf 89' lang='lat' dir='ltr'>auctus</span> <span class='ocrx_word' id='word_1_46' title='bbox 714 1177 892 1261; x_wconf 88' lang='lat' dir='ltr'>hymenaeo</span> <span class='ocrx_word' id='word_1_47' title='bbox 1008 1217 1010 1221; x_wconf 68' lang='lat'>,</span> 
     </span>
     <span class='ocr_line' id='line_1_10' title="bbox 163 1271 711 1357; baseline -0.002 -22"><span class='ocrx_word' id='word_1_48' title='bbox 163 1280 324 1336; x_wconf 87' lang='lat' dir='ltr'>vastatum</span> <span class='ocrx_word' id='word_1_49' title='bbox 342 1271 413 1335; x_wconf 88' lang='lat' dir='ltr'>finis</span> <span class='ocrx_word' id='word_1_50' title='bbox 430 1271 531 1336; x_wconf 88' lang='lat' dir='ltr'>iverat</span> <span class='ocrx_word' id='word_1_51' title='bbox 550 1271 711 1357; x_wconf 88' lang='lat' dir='ltr'>Assyrios,</span> 
     </span>
     <span class='ocr_line' id='line_1_11' title="bbox 117 1363 840 1451; baseline 0 -23"><span class='ocrx_word' id='word_1_52' title='bbox 117 1363 230 1429; x_wconf 93' lang='lat' dir='ltr'>dulcia</span> <span class='ocrx_word' id='word_1_53' title='bbox 251 1374 424 1430; x_wconf 89' lang='lat' dir='ltr'>nocturnae</span> <span class='ocrx_word' id='word_1_54' title='bbox 441 1376 572 1450; x_wconf 81' lang='lat' dir='ltr'>portans</span> <span class='ocrx_word' id='word_1_55' title='bbox 590 1365 724 1451; x_wconf 84' lang='lat' dir='ltr'>vestigia</span> <span class='ocrx_word' id='word_1_56' title='bbox 741 1365 840 1441; x_wconf 86' lang='lat' dir='ltr'>rixae,</span> 
     </span>
     <span class='ocr_line' id='line_1_12' title="bbox 164 1458 799 1544; baseline 0.002 -21"><span class='ocrx_word' id='word_1_57' title='bbox 164 1479 262 1541; x_wconf 91' lang='lat' dir='ltr'>quam</span> <span class='ocrx_word' id='word_1_58' title='bbox 282 1458 322 1523; x_wconf 87' lang='lat' dir='ltr'>de</span> <span class='ocrx_word' id='word_1_59' title='bbox 340 1458 490 1544; x_wconf 87' lang='lat' dir='ltr'>virgineis</span> <span class='ocrx_word' id='word_1_60' title='bbox 508 1469 650 1544; x_wconf 79' lang='lat' dir='ltr'>gesserat</span> <span class='ocrx_word' id='word_1_61' title='bbox 666 1459 799 1525; x_wconf 88' lang='lat' dir='ltr'>exuviis.</span> 
     </span>
     <span class='ocr_line' id='line_1_13' title="bbox 118 1551 972 1637; baseline 0 -21"><span class='ocrx_word' id='word_1_62' title='bbox 118 1561 212 1616; x_wconf 88' lang='lat' dir='ltr'>estne</span> <span class='ocrx_word' id='word_1_63' title='bbox 230 1551 319 1616; x_wconf 88' lang='lat' dir='ltr'>novis</span> <span class='ocrx_word' id='word_1_64' title='bbox 337 1551 445 1637; x_wconf 88' lang='lat' dir='ltr'>nuptis</span> <span class='ocrx_word' id='word_1_65' title='bbox 463 1552 535 1617; x_wconf 91' lang='lat' dir='ltr'>odio</span> <span class='ocrx_word' id='word_1_66' title='bbox 553 1552 683 1617; x_wconf 82' lang='lat' dir='ltr'>Venus?</span> <span class='ocrx_word' id='word_1_67' title='bbox 705 1575 787 1617; x_wconf 85' lang='lat' dir='ltr'>anne</span> <span class='ocrx_word' id='word_1_68' title='bbox 804 1560 972 1637; x_wconf 86' lang='lat' dir='ltr'>parentum</span> 
     </span>
     <span class='ocr_line' id='line_1_14' title="bbox 164 1644 800 1731; baseline 0.002 -23"><span class='ocrx_word' id='word_1_69' title='bbox 164 1644 358 1710; x_wconf 85' lang='lat' dir='ltr'>frustrantur</span> <span class='ocrx_word' id='word_1_70' title='bbox 376 1645 465 1710; x_wconf 82' lang='lat' dir='ltr'>l&#39;alsis</span> <span class='ocrx_word' id='word_1_71' title='bbox 481 1646 600 1731; x_wconf 87' lang='lat' dir='ltr'>gaudia</span> <span class='ocrx_word' id='word_1_72' title='bbox 617 1645 800 1721; x_wconf 83' lang='lat' dir='ltr'>lacrimulis,</span> 
     </span>
     <span class='ocr_line' id='line_1_15' title="bbox 117 1738 908 1823; baseline -0.001 -21"><span class='ocrx_word' id='word_1_73' title='bbox 117 1738 260 1804; x_wconf 85' lang='lat' dir='ltr'>ubertim</span> <span class='ocrx_word' id='word_1_74' title='bbox 278 1738 409 1804; x_wconf 89' lang='lat' dir='ltr'>thalami</span> <span class='ocrx_word' id='word_1_75' title='bbox 427 1761 507 1823; x_wconf 85' lang='lat' dir='ltr'>quas</span> <span class='ocrx_word' id='word_1_76' title='bbox 524 1740 607 1805; x_wconf 86' lang='lat' dir='ltr'>intra</span> <span class='ocrx_word' id='word_1_77' title='bbox 624 1740 734 1805; x_wconf 86' lang='lat' dir='ltr'>limina</span> <span class='ocrx_word' id='word_1_78' title='bbox 750 1739 908 1804; x_wconf 77' lang='lat' dir='ltr'>fundunt?</span> 
     </span>
     <span class='ocr_line' id='line_1_16' title="bbox 165 1832 860 1919; baseline 0.003 -23"><span class='ocrx_word' id='word_1_79' title='bbox 165 1854 241 1910; x_wconf 91' lang='lat' dir='ltr'>non,</span> <span class='ocrx_word' id='word_1_80' title='bbox 257 1832 303 1898; x_wconf 87' lang='lat' dir='ltr'>ita</span> <span class='ocrx_word' id='word_1_81' title='bbox 319 1856 370 1898; x_wconf 88' lang='lat' dir='ltr'>me</span> <span class='ocrx_word' id='word_1_82' title='bbox 388 1833 463 1910; x_wconf 87' lang='lat' dir='ltr'>divi,</span> <span class='ocrx_word' id='word_1_83' title='bbox 480 1855 558 1899; x_wconf 88' lang='lat' dir='ltr'>vera</span> <span class='ocrx_word' id='word_1_84' title='bbox 573 1844 717 1919; x_wconf 86' lang='lat' dir='ltr'>gemunt,</span> <span class='ocrx_word' id='word_1_85' title='bbox 734 1833 860 1898; x_wconf 88' lang='lat' dir='ltr'>inerint.</span> 
     </span>
     <span class='ocr_line' id='line_1_17' title="bbox 118 1926 857 2013; baseline 0 -23"><span class='ocrx_word' id='word_1_86' title='bbox 118 1926 155 1991; x_wconf 91' lang='lat' dir='ltr'>id</span> <span class='ocrx_word' id='word_1_87' title='bbox 173 1949 245 1992; x_wconf 88' lang='lat' dir='ltr'>mea</span> <span class='ocrx_word' id='word_1_88' title='bbox 262 1950 314 1993; x_wconf 91' lang='lat' dir='ltr'>me</span> <span class='ocrx_word' id='word_1_89' title='bbox 331 1927 438 1992; x_wconf 87' lang='lat' dir='ltr'>multis</span> <span class='ocrx_word' id='word_1_90' title='bbox 457 1927 565 1992; x_wconf 89' lang='lat' dir='ltr'>docuit</span> <span class='ocrx_word' id='word_1_91' title='bbox 581 1928 692 2013; x_wconf 85' lang='lat' dir='ltr'>regina</span> <span class='ocrx_word' id='word_1_92' title='bbox 709 1929 857 2010; x_wconf 88' lang='lat' dir='ltr'>querellis</span> 
     </span>
     <span class='ocr_line' id='line_1_18' title="bbox 164 2020 762 2106; baseline 0 -21"><span class='ocrx_word' id='word_1_93' title='bbox 164 2020 319 2086; x_wconf 88' lang='lat' dir='ltr'>invisente</span> <span class='ocrx_word' id='word_1_94' title='bbox 336 2043 421 2085; x_wconf 89' lang='lat' dir='ltr'>novo</span> <span class='ocrx_word' id='word_1_95' title='bbox 439 2022 559 2106; x_wconf 87' lang='lat' dir='ltr'>proelia</span> <span class='ocrx_word' id='word_1_96' title='bbox 576 2031 667 2085; x_wconf 88' lang='lat' dir='ltr'>torva</span> <span class='ocrx_word' id='word_1_97' title='bbox 683 2022 762 2085; x_wconf 87' lang='lat' dir='ltr'>viro.</span> 
     </span>
     <span class='ocr_line' id='line_1_19' title="bbox 120 2114 797 2191; baseline -0.001 -12"><span class='ocrx_word' id='word_1_98' title='bbox 120 2124 156 2179; x_wconf 84' lang='lat' dir='ltr'>at</span> <span class='ocrx_word' id='word_1_99' title='bbox 173 2124 208 2178; x_wconf 91' lang='lat' dir='ltr'>tu</span> <span class='ocrx_word' id='word_1_100' title='bbox 226 2137 291 2179; x_wconf 95' lang='lat' dir='ltr'>non</span> <span class='ocrx_word' id='word_1_101' title='bbox 309 2115 422 2179; x_wconf 90' lang='lat' dir='ltr'>orbum</span> <span class='ocrx_word' id='word_1_102' title='bbox 439 2115 520 2179; x_wconf 90' lang='lat' dir='ltr'>luxti</span> <span class='ocrx_word' id='word_1_103' title='bbox 539 2115 664 2179; x_wconf 85' lang='lat' dir='ltr'>deserta</span> <span class='ocrx_word' id='word_1_104' title='bbox 681 2114 797 2191; x_wconf 84' lang='lat' dir='ltr'>cubile,</span> 
     </span>
     <span class='ocr_line' id='line_1_20' title="bbox 165 2207 755 2274; baseline -0.003 0"><span class='ocrx_word' id='word_1_105' title='bbox 165 2207 222 2274; x_wconf 92' lang='lat' dir='ltr'>sed</span> <span class='ocrx_word' id='word_1_106' title='bbox 240 2208 346 2274; x_wconf 84' lang='lat' dir='ltr'>fratris</span> <span class='ocrx_word' id='word_1_107' title='bbox 364 2208 429 2273; x_wconf 89' lang='lat' dir='ltr'>cari</span> <span class='ocrx_word' id='word_1_108' title='bbox 445 2209 551 2274; x_wconf 88' lang='lat' dir='ltr'>flebile</span> <span class='ocrx_word' id='word_1_109' title='bbox 569 2208 755 2273; x_wconf 87' lang='lat' dir='ltr'>discidium?</span> 
     </span>
     <span class='ocr_line' id='line_1_21' title="bbox 121 2299 923 2389; baseline -0.005 -21"><span class='ocrx_word' id='word_1_110' title='bbox 121 2327 221 2388; x_wconf 91' lang='lat' dir='ltr'>quam</span> <span class='ocrx_word' id='word_1_111' title='bbox 237 2303 364 2389; x_wconf 90' lang='lat' dir='ltr'>penitus</span> <span class='ocrx_word' id='word_1_112' title='bbox 382 2313 519 2368; x_wconf 89' lang='lat' dir='ltr'>maestas</span> <span class='ocrx_word' id='word_1_113' title='bbox 538 2303 642 2368; x_wconf 89' lang='lat' dir='ltr'>exedit</span> <span class='ocrx_word' id='word_1_114' title='bbox 660 2325 737 2367; x_wconf 89' lang='lat' dir='ltr'>eura</span> <span class='ocrx_word' id='word_1_115' title='bbox 754 2299 923 2367; x_wconf 85' lang='lat' dir='ltr'>medullasl</span> 
     </span>
     <span class='ocr_line' id='line_1_22' title="bbox 166 2396 766 2482; baseline -0.005 -19"><span class='ocrx_word' id='word_1_116' title='bbox 166 2410 202 2463; x_wconf 89' lang='lat' dir='ltr'>ut</span> <span class='ocrx_word' id='word_1_117' title='bbox 218 2397 276 2462; x_wconf 91' lang='lat' dir='ltr'>tibi</span> <span class='ocrx_word' id='word_1_118' title='bbox 293 2407 370 2461; x_wconf 85' lang='lat' dir='ltr'>tunc</span> <span class='ocrx_word' id='word_1_119' title='bbox 387 2406 453 2461; x_wconf 89' lang='lat' dir='ltr'>toto</span> <span class='ocrx_word' id='word_1_120' title='bbox 471 2407 598 2482; x_wconf 86' lang='lat' dir='ltr'>pectore</span> <span class='ocrx_word' id='word_1_121' title='bbox 616 2396 766 2462; x_wconf 85' lang='lat' dir='ltr'>sollicitae</span> 
     </span>
     <span class='ocr_line' id='line_1_23' title="bbox 123 2489 947 2576; baseline -0.007 -19"><span class='ocrx_word' id='word_1_122' title='bbox 123 2491 269 2558; x_wconf 91' lang='lat' dir='ltr'>sensibus</span> <span class='ocrx_word' id='word_1_123' title='bbox 287 2489 403 2576; x_wconf 86' lang='lat' dir='ltr'>ereptis</span> <span class='ocrx_word' id='word_1_124' title='bbox 420 2513 510 2556; x_wconf 87' lang='lat' dir='ltr'>mens</span> <span class='ocrx_word' id='word_1_125' title='bbox 529 2489 659 2556; x_wconf 82' lang='lat' dir='ltr'>excidit!</span> <span class='ocrx_word' id='word_1_126' title='bbox 686 2501 718 2555; x_wconf 91' lang='lat' dir='ltr'>at</span> <span class='ocrx_word' id='word_1_127' title='bbox 736 2501 768 2555; x_wconf 86' lang='lat' dir='ltr'>te</span> <span class='ocrx_word' id='word_1_128' title='bbox 785 2510 846 2574; x_wconf 84' lang='lat' dir='ltr'>ego</span> <span class='ocrx_word' id='word_1_129' title='bbox 863 2497 947 2553; x_wconf 88' lang='lat' dir='ltr'>certe</span> 
     </span>
     <span class='ocr_line' id='line_1_24' title="bbox 167 2583 893 2672; baseline -0.007 -21"><span class='ocrx_word' id='word_1_130' title='bbox 167 2607 337 2672; x_wconf 84' lang='lat' dir='ltr'>cognoram</span> <span class='ocrx_word' id='word_1_131' title='bbox 354 2608 374 2649; x_wconf 89' lang='lat' dir='ltr'>a</span> <span class='ocrx_word' id='word_1_132' title='bbox 391 2607 490 2670; x_wconf 88' lang='lat' dir='ltr'>parva</span> <span class='ocrx_word' id='word_1_133' title='bbox 507 2585 630 2670; x_wconf 88' lang='lat' dir='ltr'>virgine</span> <span class='ocrx_word' id='word_1_134' title='bbox 647 2583 893 2670; x_wconf 83' lang='lat' dir='ltr'>magnanimem.</span> 
     </span>
     <span class='ocr_line' id='line_1_25' title="bbox 124 2676 1050 2762; baseline -0.005 -16"><span class='ocrx_word' id='word_1_135' title='bbox 124 2702 206 2746; x_wconf 86' lang='lat' dir='ltr'>anne</span> <span class='ocrx_word' id='word_1_136' title='bbox 224 2681 345 2744; x_wconf 91' lang='lat' dir='ltr'>bonum</span> <span class='ocrx_word' id='word_1_137' title='bbox 363 2678 464 2744; x_wconf 90' lang='lat' dir='ltr'>oblita</span> <span class='ocrx_word' id='word_1_138' title='bbox 480 2702 514 2745; x_wconf 90' lang='lat' dir='ltr'>es</span> <span class='ocrx_word' id='word_1_139' title='bbox 532 2679 668 2756; x_wconf 87' lang='lat' dir='ltr'>facinus,</span> <span class='ocrx_word' id='word_1_140' title='bbox 685 2699 749 2762; x_wconf 92' lang='lat' dir='ltr'>quo</span> <span class='ocrx_word' id='word_1_141' title='bbox 767 2678 892 2762; x_wconf 85' lang='lat' dir='ltr'>regium</span> <span class='ocrx_word' id='word_1_142' title='bbox 909 2676 1050 2762; x_wconf 81' lang='lat' dir='ltr'>adepta’s</span> 
     </span>
     <span class='ocr_line' id='line_1_26' title="bbox 167 2771 850 2860; baseline -0.007 -21"><span class='ocrx_word' id='word_1_143' title='bbox 167 2773 360 2860; x_wconf 82' lang='lat' dir='ltr'>coniugium,</span> <span class='ocrx_word' id='word_1_144' title='bbox 378 2793 442 2855; x_wconf 90' lang='lat' dir='ltr'>quo</span> <span class='ocrx_word' id='word_1_145' title='bbox 460 2793 524 2837; x_wconf 91' lang='lat' dir='ltr'>non</span> <span class='ocrx_word' id='word_1_146' title='bbox 542 2772 755 2837; x_wconf 81' lang='lat' dir='ltr'>fortiusausit</span> <span class='ocrx_word' id='word_1_147' title='bbox 772 2771 850 2836; x_wconf 82' lang='lat' dir='ltr'>alis?</span> 
     </span>
     <span class='ocr_line' id='line_1_27' title="bbox 125 2863 1048 2949; baseline -0.004 -15"><span class='ocrx_word' id='word_1_148' title='bbox 125 2869 180 2934; x_wconf 86' lang='lat' dir='ltr'>sed</span> <span class='ocrx_word' id='word_1_149' title='bbox 198 2878 265 2931; x_wconf 87' lang='lat' dir='ltr'>tum</span> <span class='ocrx_word' id='word_1_150' title='bbox 284 2875 405 2931; x_wconf 85' lang='lat' dir='ltr'>maesta</span> <span class='ocrx_word' id='word_1_151' title='bbox 421 2866 525 2929; x_wconf 86' lang='lat' dir='ltr'>virum</span> <span class='ocrx_word' id='word_1_152' title='bbox 543 2866 670 2930; x_wconf 89' lang='lat' dir='ltr'>mittens</span> <span class='ocrx_word' id='word_1_153' title='bbox 688 2887 770 2949; x_wconf 89' lang='lat' dir='ltr'>quae</span> <span class='ocrx_word' id='word_1_154' title='bbox 788 2865 886 2930; x_wconf 87' lang='lat' dir='ltr'>verba</span> <span class='ocrx_word' id='word_1_155' title='bbox 902 2863 1048 2930; x_wconf 90' lang='lat' dir='ltr'>locuta’sl</span> 
     </span>
     <span class='ocr_line' id='line_1_28' title="bbox 165 2957 1196 3046; baseline -0.006 -20"><span class='ocrx_word' id='word_1_156' title='bbox 165 2960 318 3046; x_wconf 87' lang='lat' dir='ltr'>Iuppiter,</span> <span class='ocrx_word' id='word_1_157' title='bbox 336 2970 373 3023; x_wconf 91' lang='lat' dir='ltr'>ut</span> <span class='ocrx_word' id='word_1_158' title='bbox 389 2959 470 3023; x_wconf 91' lang='lat' dir='ltr'>tristi</span> <span class='ocrx_word' id='word_1_159' title='bbox 487 2959 608 3023; x_wconf 91' lang='lat' dir='ltr'>lumina</span> <span class='ocrx_word' id='word_1_160' title='bbox 625 2981 720 3044; x_wconf 89' lang='lat' dir='ltr'>saepe</span> <span class='ocrx_word' id='word_1_161' title='bbox 738 2957 849 3022; x_wconf 83' lang='lat' dir='ltr'>manu!</span> <span class='ocrx_word' id='word_1_162' title='bbox 1161 2978 1196 3033; x_wconf 82' lang='lat'>30</span> 
     </span>
     <span class='ocr_line' id='line_1_29' title="bbox 125 3053 957 3141; baseline -0.008 -20"><span class='ocrx_word' id='word_1_163' title='bbox 125 3055 195 3141; x_wconf 90' lang='lat' dir='ltr'>quis</span> <span class='ocrx_word' id='word_1_164' title='bbox 213 3065 244 3121; x_wconf 88' lang='lat' dir='ltr'>te</span> <span class='ocrx_word' id='word_1_165' title='bbox 261 3053 396 3119; x_wconf 87' lang='lat' dir='ltr'>mutavit</span> <span class='ocrx_word' id='word_1_166' title='bbox 412 3064 518 3118; x_wconf 88' lang='lat' dir='ltr'>tantus</span> <span class='ocrx_word' id='word_1_167' title='bbox 537 3053 634 3117; x_wconf 85' lang='lat' dir='ltr'>deus?</span> <span class='ocrx_word' id='word_1_168' title='bbox 652 3076 693 3117; x_wconf 91' lang='lat' dir='ltr'>an</span> <span class='ocrx_word' id='word_1_169' title='bbox 711 3053 797 3136; x_wconf 88' lang='lat' dir='ltr'>quod</span> <span class='ocrx_word' id='word_1_170' title='bbox 815 3061 957 3115; x_wconf 89' lang='lat' dir='ltr'>amantes</span> 
     </span>
     <span class='ocr_line' id='line_1_30' title="bbox 165 3146 896 3233; baseline -0.008 -19"><span class='ocrx_word' id='word_1_171' title='bbox 165 3170 230 3214; x_wconf 89' lang='lat' dir='ltr'>non</span> <span class='ocrx_word' id='word_1_172' title='bbox 247 3148 344 3233; x_wconf 85' lang='lat' dir='ltr'>longe</span> <span class='ocrx_word' id='word_1_173' title='bbox 360 3169 380 3212; x_wconf 88' lang='lat' dir='ltr'>a</span> <span class='ocrx_word' id='word_1_174' title='bbox 399 3168 472 3211; x_wconf 88' lang='lat' dir='ltr'>caro</span> <span class='ocrx_word' id='word_1_175' title='bbox 490 3169 621 3232; x_wconf 89' lang='lat' dir='ltr'>corpore</span> <span class='ocrx_word' id='word_1_176' title='bbox 639 3146 750 3211; x_wconf 88' lang='lat' dir='ltr'>abesse</span> <span class='ocrx_word' id='word_1_177' title='bbox 768 3147 896 3210; x_wconf 84' lang='lat' dir='ltr'>volunt?</span> 
     </span>
     <span class='ocr_line' id='line_1_31' title="bbox 126 3238 919 3328; baseline -0.006 -20"><span class='ocrx_word' id='word_1_178' title='bbox 126 3254 219 3328; x_wconf 89' lang='lat' dir='ltr'>atque</span> <span class='ocrx_word' id='word_1_179' title='bbox 236 3240 282 3307; x_wconf 89' lang='lat' dir='ltr'>ibi</span> <span class='ocrx_word' id='word_1_180' title='bbox 298 3264 350 3306; x_wconf 88' lang='lat' dir='ltr'>me</span> <span class='ocrx_word' id='word_1_181' title='bbox 368 3240 489 3305; x_wconf 89' lang='lat' dir='ltr'>cunctis</span> <span class='ocrx_word' id='word_1_182' title='bbox 507 3262 565 3326; x_wconf 87' lang='lat' dir='ltr'>pro</span> <span class='ocrx_word' id='word_1_183' title='bbox 582 3240 668 3304; x_wconf 88' lang='lat' dir='ltr'>dulci</span> <span class='ocrx_word' id='word_1_184' title='bbox 686 3240 820 3323; x_wconf 87' lang='lat' dir='ltr'>coniuge</span> <span class='ocrx_word' id='word_1_185' title='bbox 838 3238 919 3303; x_wconf 85' lang='lat' dir='ltr'>divis</span> 
     </span>
     <span class='ocr_line' id='line_1_32' title="bbox 165 3332 821 3419; baseline -0.006 -19"><span class='ocrx_word' id='word_1_186' title='bbox 165 3358 229 3400; x_wconf 91' lang='lat' dir='ltr'>non</span> <span class='ocrx_word' id='word_1_187' title='bbox 247 3335 315 3400; x_wconf 89' lang='lat' dir='ltr'>sine</span> <span class='ocrx_word' id='word_1_188' title='bbox 332 3335 456 3399; x_wconf 88' lang='lat' dir='ltr'>taurino</span> <span class='ocrx_word' id='word_1_189' title='bbox 474 3334 628 3418; x_wconf 85' lang='lat' dir='ltr'>sanguine</span> <span class='ocrx_word' id='word_1_190' title='bbox 645 3332 821 3419; x_wconf 86' lang='lat' dir='ltr'>pollicita’s,</span> 
     </span>
     <span class='ocr_line' id='line_1_33' title="bbox 126 3427 975 3513; baseline -0.004 -17"><span class='ocrx_word' id='word_1_191' title='bbox 126 3430 151 3496; x_wconf 87' lang='lat' dir='ltr'>si</span> <span class='ocrx_word' id='word_1_192' title='bbox 166 3429 304 3495; x_wconf 90' lang='lat' dir='ltr'>reditum</span> <span class='ocrx_word' id='word_1_193' title='bbox 322 3428 487 3493; x_wconf 87' lang='lat' dir='ltr'>tetulisset.</span> <span class='ocrx_word' id='word_1_194' title='bbox 530 3428 557 3491; x_wconf 93' lang='lat' dir='ltr'>is</span> <span class='ocrx_word' id='word_1_195' title='bbox 575 3427 653 3492; x_wconf 85' lang='lat' dir='ltr'>haut</span> <span class='ocrx_word' id='word_1_196' title='bbox 669 3427 703 3491; x_wconf 92' lang='lat' dir='ltr'>in</span> <span class='ocrx_word' id='word_1_197' title='bbox 720 3437 862 3511; x_wconf 87' lang='lat' dir='ltr'>tempore</span> <span class='ocrx_word' id='word_1_198' title='bbox 879 3427 975 3513; x_wconf 84' lang='lat' dir='ltr'>longo</span> 
     </span>
     <span class='ocr_line' id='line_1_34' title="bbox 166 3519 909 3610; baseline -0.004 -20"><span class='ocrx_word' id='word_1_199' title='bbox 166 3533 291 3610; x_wconf 88' lang='lat' dir='ltr'>captam</span> <span class='ocrx_word' id='word_1_200' title='bbox 308 3521 423 3586; x_wconf 85' lang='lat' dir='ltr'>Asiam</span> <span class='ocrx_word' id='word_1_201' title='bbox 441 3522 582 3608; x_wconf 82' lang='lat' dir='ltr'>Aegypti</span> <span class='ocrx_word' id='word_1_202' title='bbox 601 3521 716 3585; x_wconf 89' lang='lat' dir='ltr'>finibus</span> <span class='ocrx_word' id='word_1_203' title='bbox 735 3519 909 3587; x_wconf 85' lang='lat' dir='ltr'>addiderat.</span> 
     </span>
     <span class='ocr_line' id='line_1_35' title="bbox 127 3615 855 3704; baseline -0.004 -21"><span class='ocrx_word' id='word_1_204' title='bbox 127 3618 194 3703; x_wconf 88' lang='lat' dir='ltr'>quis</span> <span class='ocrx_word' id='word_1_205' title='bbox 211 3639 272 3704; x_wconf 88' lang='lat' dir='ltr'>ego</span> <span class='ocrx_word' id='word_1_206' title='bbox 290 3638 347 3703; x_wconf 90' lang='lat' dir='ltr'>pro</span> <span class='ocrx_word' id='word_1_207' title='bbox 365 3615 458 3682; x_wconf 88' lang='lat' dir='ltr'>factis</span> <span class='ocrx_word' id='word_1_208' title='bbox 476 3615 604 3681; x_wconf 84' lang='lat' dir='ltr'>caelesti</span> <span class='ocrx_word' id='word_1_209' title='bbox 621 3615 745 3680; x_wconf 89' lang='lat' dir='ltr'>reddita</span> <span class='ocrx_word' id='word_1_210' title='bbox 762 3625 855 3681; x_wconf 89' lang='lat' dir='ltr'>coetu</span> 
     </span>
     <span class='ocr_line' id='line_1_36' title="bbox 165 3709 805 3798; baseline -0.003 -22"><span class='ocrx_word' id='word_1_211' title='bbox 165 3711 298 3798; x_wconf 89' lang='lat' dir='ltr'>pristina</span> <span class='ocrx_word' id='word_1_212' title='bbox 315 3720 388 3775; x_wconf 83' lang='lat' dir='ltr'>vota</span> <span class='ocrx_word' id='word_1_213' title='bbox 405 3730 488 3776; x_wconf 85' lang='lat' dir='ltr'>novo</span> <span class='ocrx_word' id='word_1_214' title='bbox 507 3731 637 3775; x_wconf 89' lang='lat' dir='ltr'>munere</span> <span class='ocrx_word' id='word_1_215' title='bbox 655 3709 805 3774; x_wconf 88' lang='lat' dir='ltr'>dissoluo.</span> 
     </span>
     <span class='ocr_line' id='line_1_37' title="bbox 127 3803 782 3890; baseline -0.005 -20"><span class='ocrx_word' id='word_1_216' title='bbox 127 3806 231 3882; x_wconf 88' lang='lat' dir='ltr'>invita,</span> <span class='ocrx_word' id='word_1_217' title='bbox 249 3827 268 3869; x_wconf 92' lang='grc' dir='ltr'>ο</span> <span class='ocrx_word' id='word_1_218' title='bbox 286 3805 407 3890; x_wconf 84' lang='lat' dir='ltr'>regina,</span> <span class='ocrx_word' id='word_1_219' title='bbox 424 3815 479 3870; x_wconf 89' lang='lat' dir='ltr'>tuo</span> <span class='ocrx_word' id='word_1_220' title='bbox 498 3804 538 3870; x_wconf 92' lang='lat' dir='ltr'>de</span> <span class='ocrx_word' id='word_1_221' title='bbox 555 3805 672 3869; x_wconf 89' lang='lat' dir='ltr'>vertice</span> <span class='ocrx_word' id='word_1_222' title='bbox 690 3803 782 3880; x_wconf 86' lang='lat' dir='ltr'>cessi,</span> 
     </span>
     <span class='ocr_line' id='line_1_38' title="bbox 164 3898 818 3982; baseline -0.006 -18"><span class='ocrx_word' id='word_1_223' title='bbox 164 3898 278 3964; x_wconf 85' lang='lat' dir='ltr'>invita:</span> <span class='ocrx_word' id='word_1_224' title='bbox 297 3899 409 3964; x_wconf 90' lang='lat' dir='ltr'>adiuro</span> <span class='ocrx_word' id='word_1_225' title='bbox 426 3910 521 3982; x_wconf 91' lang='lat' dir='ltr'>teque</span> <span class='ocrx_word' id='word_1_226' title='bbox 539 3910 693 3982; x_wconf 91' lang='lat' dir='ltr'>tuumque</span> <span class='ocrx_word' id='word_1_227' title='bbox 711 3907 818 3982; x_wconf 83' lang='lat' dir='ltr'>caput,</span> 
     </span>
     <span class='ocr_line' id='line_1_39' title="bbox 128 3989 879 4081; baseline -0.004 -22"><span class='ocrx_word' id='word_1_228' title='bbox 128 3994 221 4081; x_wconf 87' lang='lat' dir='ltr'>digna</span> <span class='ocrx_word' id='word_1_229' title='bbox 239 3993 322 4058; x_wconf 88' lang='lat' dir='ltr'>ferat</span> <span class='ocrx_word' id='word_1_230' title='bbox 339 3992 425 4078; x_wconf 91' lang='lat' dir='ltr'>quod</span> <span class='ocrx_word' id='word_1_231' title='bbox 443 3992 543 4076; x_wconf 88' lang='lat' dir='ltr'>siquis</span> <span class='ocrx_word' id='word_1_232' title='bbox 560 3993 695 4058; x_wconf 86' lang='lat' dir='ltr'>inaniter</span> <span class='ocrx_word' id='word_1_233' title='bbox 712 3989 879 4057; x_wconf 75' lang='lat' dir='ltr'>adiuraritr</span> 
     </span>
     <span class='ocr_line' id='line_1_40' title="bbox 166 4084 844 4173; baseline -0.009 -20"><span class='ocrx_word' id='word_1_234' title='bbox 166 4088 223 4153; x_wconf 90' lang='lat' dir='ltr'>sed</span> <span class='ocrx_word' id='word_1_235' title='bbox 241 4087 296 4173; x_wconf 92' lang='lat' dir='ltr'>qui</span> <span class='ocrx_word' id='word_1_236' title='bbox 318 4109 353 4152; x_wconf 94' lang='lat' dir='ltr'>se</span> <span class='ocrx_word' id='word_1_237' title='bbox 371 4087 455 4152; x_wconf 88' lang='lat' dir='ltr'>ferro</span> <span class='ocrx_word' id='word_1_238' title='bbox 474 4086 612 4172; x_wconf 89' lang='lat' dir='ltr'>postulet</span> <span class='ocrx_word' id='word_1_239' title='bbox 629 4109 698 4152; x_wconf 89' lang='lat' dir='ltr'>esse</span> <span class='ocrx_word' id='word_1_240' title='bbox 715 4084 844 4170; x_wconf 79' lang='lat' dir='ltr'>parem?</span> 
     </span>
     <span class='ocr_line' id='line_1_41' title="bbox 129 4175 1092 4268; baseline -0.003 -22"><span class='ocrx_word' id='word_1_241' title='bbox 129 4182 177 4249; x_wconf 90' lang='lat' dir='ltr'>ille</span> <span class='ocrx_word' id='word_1_242' title='bbox 195 4202 323 4268; x_wconf 91' lang='lat' dir='ltr'>quoque</span> <span class='ocrx_word' id='word_1_243' title='bbox 341 4202 471 4247; x_wconf 86' lang='lat' dir='ltr'>eversus</span> <span class='ocrx_word' id='word_1_244' title='bbox 488 4202 578 4246; x_wconf 93' lang='lat' dir='ltr'>mons</span> <span class='ocrx_word' id='word_1_245' title='bbox 596 4191 645 4246; x_wconf 87' lang='lat' dir='ltr'>est</span> <span class='ocrx_word' id='word_1_246' title='bbox 661 4179 757 4265; x_wconf 86' lang='lat' dir='ltr'>quem</span> <span class='ocrx_word' id='word_1_247' title='bbox 774 4178 947 4242; x_wconf 86' lang='lat' dir='ltr'>maximum</span> <span class='ocrx_word' id='word_1_248' title='bbox 965 4177 998 4242; x_wconf 90' lang='lat' dir='ltr'>in</span> <span class='ocrx_word' id='word_1_249' title='bbox 1016 4175 1092 4244; x_wconf 89' lang='lat' dir='ltr'>orbe</span> 
     </span>
    </p>
   </div>
   <div class='ocr_carea' id='block_1_4' title="bbox 0 0 1516 5004">
    <p class='ocr_par' dir='ltr' id='par_1_4' title="bbox 0 0 1516 5004">
     <span class='ocr_line' id='line_1_42' title="bbox 0 0 1516 5004; baseline 0 0"><span class='ocrx_word' id='word_1_250' title='bbox 0 0 1516 5004; x_wconf 95' lang='lat' dir='ltr'> </span> 
     </span>
    </p>
   </div>
  </div>
 </body>
</html>
