2954 4990
534 387 764 451 raonneomaua
1122 385 1198 426 nxxr

103 505 188 588 quod
209 526 327 567 carmen
346 525 384 566 ex
406 512 468 565 arte
489 503 697 566 Alexandrina
718 505 847 586 pendere
863 507 923 564 iam
945 503 1016 564 inde
1036 505 1108 564 licet
1128 525 1193 563 con·

104 593 226 652 cludere
241 591 319 671 quod
335 590 429 651 multa
440 594 617 651 recentiores
630 601 733 670 poetas
747 591 876 650 Graecos
893 593 925 648 in
938 598 1061 648 matrem
1075 589 1197 650 deorum

106 685 200 756 metro
223 677 410 754 galliambico
432 679 581 756 scripsisse
602 677 832 756 Hephaestionis
854 696 882 754 p.
901 676 941 732 39
959 674 1092 752 Westph.
1116 678 1196 734 testi·

106 765 207 822 monio
238 769 359 822 constat.
398 781 494 841 neque
526 765 605 822 enim
634 769 713 820 recte
738 760 940 838 Westphalius
966 759 1197 837 Hephaestionis

105 867 173 908 esse
189 847 263 907 haec
279 847 371 906 verba
387 849 516 922 negavit.
555 867 641 925 porro
663 867 730 906 cum
752 845 862 905 scheba
883 845 992 904 codicis
1009 844 1199 904 Saibantiani

109 932 151 992 ad
173 932 202 990 h.
225 933 244 990 l.
268 929 307 1010 (p.
331 933 392 990 194
413 929 562 1010 Westph.)
589 951 627 992 ex
652 932 715 990 istis
741 933 834 1010 poetis
861 931 1035 989 nominatim
1061 929 1198 988 adferant

106 1017 337 1098 Callimachum,
372 1018 457 1077 nobis
487 1035 606 1096 quoque
637 1035 810 1095 persuasum
845 1023 889 1074 est
918 1014 992 1074 duos
1026 1034 1128 1074 versus
1159 1014 1197 1074 ab

108 1102 330 1181 Hephaestione
349 1105 411 1160 eine
428 1105 547 1161 nomine
565 1105 692 1160 auctoris
715 1103 817 1160 citatos
834 1099 931 1172 hosce,
953 1092 1067 1158 Γαλλαὶ
1088 1092 1199 1176 μητρὸς

108 1181 207 1263 ὃρείης
234 1182 407 1266 φιλόθνρσοι
439 1181 597 1262 δρομάδες,
626 1180 685 1252 Ata
707 1181 790 1244 farsa
815 1189 987 1262 παταγεῖται
1014 1177 1062 1244 καὶ
1087 1179 1198 1260 χάλκεα

87 1304 89 1309 -
111 1265 252 1348 κρόταλα,
271 1269 311 1329 ad
322 1270 482 1330 Battiaden
497 1270 666 1330 referendos
679 1289 751 1343 esse,
765 1269 798 1328 id
811 1268 964 1348 quodiam
977 1268 1015 1327 ab
1030 1266 1065 1328 Ο.
1077 1268 1199 1328 Schnei-

109 1356 181 1415 dero
195 1356 312 1416 Callim.
326 1356 368 1428 II,
382 1376 410 1433 p.
426 1356 486 1413 698
501 1355 670 1415 dubitanter
687 1357 850 1415 coniectum
867 1374 920 1433 pro
939 1352 1090 1432 explorato
1108 1353 1200 1412 habet

110 1442 357 1514 Wilamowitzius
374 1443 406 1498 in
420 1441 521 1499 Herm.
534 1441 621 1512 XIV,
639 1461 667 1519 p.
684 1441 753 1499 197.
780 1458 836 1499 nec
853 1458 1006 1518 possumus
1024 1459 1085 1498 non
1103 1437 1199 1498 eidem

110 1526 255 1585 adsentiri
274 1545 290 1584 e
306 1526 449 1585 feminino
467 1528 586 1584 nomine
605 1525 773 1598 Gallorum,
797 1544 855 1604 quo
874 1531 903 1583 et
921 1522 1054 1582 Graecus
1072 1531 1101 1582 et
1118 1524 1199 1582 Lati·

111 1630 167 1668 nus
189 1618 276 1689 poeta
303 1611 429 1669 eviratos
453 1610 580 1688 Cybeles
606 1610 771 1670 sacerdotes
799 1609 942 1686 singulari
969 1627 1040 1666 sane
1065 1629 1121 1667 usu
1149 1607 1199 1666 ad·

111 1695 306 1775 pellaverunt,
325 1695 527 1755 Catullianum
545 1714 663 1754 carmen
680 1697 713 1754 in
729 1696 893 1753 imitatione
911 1692 1105 1754 Callimachei
1122 1694 1200 1771 posi-

111 1791 175 1839 tum
193 1799 256 1840 esse
274 1780 433 1856 colligenti.
460 1788 588 1839 ceterum
606 1801 673 1840 cum
690 1779 786 1839 multa
801 1786 936 1838 extarent
953 1779 1150 1837 recentiorum
1167 1782 1200 1837 in

111 1885 251 1942 magnam
268 1874 391 1924 matrem
410 1868 540 1924 carmina
559 1864 754 1942 galliambica,
777 1863 969 1943 probabiliter
987 1863 1122 1922 Catullus
1139 1883 1201 1922 non

111 1971 204 2010 unum
221 1951 315 2011 solum
336 1970 375 2010 ex
392 1952 434 2009 eis
452 1959 569 2009 secutus
591 1959 643 2010 est.
679 1969 734 2008 nec
756 1949 863 2008 desunt
883 1951 916 2006 in
937 1947 1042 2007 Attine
1064 1967 1102 2008 ex
1124 1949 1200 2007 anti-

112 2036 265 2116 quioribus
291 2034 422 2093 fontibus
448 2034 563 2094 hausta.
599 2035 693 2096 veluti
714 2033 855 2093 Pasithea
877 2032 980 2092 Somni
1007 2053 1082 2090 uxor
1107 2052 1136 2091 v,
1159 2034 1199 2090 43

113 2129 339 2180 commemorata
360 2119 440 2177 haud
462 2119 552 2178 dubie
578 2138 616 2178 ex
637 2119 734 2177 Iliade
760 2119 848 2176 fluxit
869 2114 966 2190 (XIV.
981 2117 1042 2174 269
1065 2124 1094 2175 et
1116 2115 1200 2193 276).

111 2206 241 2284 denique
266 2204 341 2263 illud
366 2206 653 2263 incantamentorum
679 2222 797 2263 carmen
827 2223 907 2261 nunc
936 2204 1089 2273 amissum,
1122 2201 1203 2279 quod
1252 2194 1253 2199 ἵ

111 2291 230 2351 Plinius
255 2297 315 2348 nat.
341 2289 408 2348 hist.
435 2289 579 2348 XXVIII
602 2292 620 2348 2
644 2287 689 2366 (4)
714 2289 752 2346 19
780 2308 841 2345 una
867 2307 934 2346 cum
958 2286 1202 2365 pharmaceutriis

111 2376 264 2435 Theocriti
282 2382 310 2433 et
322 2373 449 2450 Vergilii
463 2374 566 2450 ecloga
579 2375 658 2434 VIII
676 2373 824 2452 significat
838 2369 878 2448 (v.
892 2371 997 2448 fragm
1012 2369 1078 2447 IV),
1094 2370 1203 2430 Graeci

112 2460 211 2540 idyllii
229 2458 364 2538 exemplo
383 2459 495 2519 factum
512 2460 604 2518 fuisse
621 2479 708 2520 nemo
727 2461 783 2519 erit
800 2461 852 2538 qui
869 2465 966 2534 neget.
993 2458 1094 2536 itaque
1111 2459 1202 2516 maio-

113 2566 178 2604 rum
200 2543 422 2625 doctiorumque
444 2548 607 2604 carminum
629 2545 740 2605 Catulli
761 2565 853 2603 unum
875 2562 1049 2602 conversum
1072 2562 1088 2601 e
1111 2542 1203 2603 Calli-

112 2631 225 2704 macho,
245 2631 387 2708 conplura
404 2638 456 2688 aut
472 2632 644 2690 inventione
663 2637 715 2690 aut
736 2631 938 2707 conpositione
953 2637 1007 2686 aut
1028 2635 1153 2706 utraque
1170 2648 1202 2686 re

114 2735 152 2780 ex
169 2724 231 2776 arte
248 2723 402 2794 poetarum
415 2715 689 2774 Alexandrinorum
706 2723 775 2793 apta
793 2733 857 2774 esse
868 2713 1006 2773 vidimus.
1033 2715 1203 2790 posterioris

113 2804 232 2878 generis
249 2821 311 2859 non
328 2799 413 2859 nulla
430 2804 520 2859 etiam
537 2802 614 2859 inter
631 2803 746 2859 minora
762 2800 859 2877 lyrica
876 2807 906 2858 et
923 2802 1136 2875 epigrammata
1154 2795 1202 2854 de·

113 2885 342 2966 prehenduntur.
378 2884 438 2942 tale
460 2905 522 2944 esse
545 2905 569 2942 c.
591 2885 680 2945 XLV
701 2903 739 2945 ex
760 2887 898 2943 universo
921 2886 984 2942 eius
1006 2900 1077 2940 sono
1101 2880 1203 2957 colligi

113 2978 217 3051 potest,
236 2989 291 3028 nec
309 2970 437 3028 alienam
454 2968 545 3028 fuisse
562 2969 599 3028 ab
613 2967 820 3028 Alexandrina
837 2969 920 3046 poesi
936 2966 1054 3025 Amoris
1072 2964 1204 3026 faustum

114 3075 202 3116 omen
220 3054 398 3113 sternuentis
415 3055 577 3129 imaginem
595 3054 771 3114 Theocritus
788 3053 851 3113 VII
870 3053 909 3110 96
929 3049 1064 3109 ostendit.
1096 3053 1203 3110 certius

114 3142 205 3200 etiam
223 3138 262 3198 de
279 3158 302 3196 c.
316 3137 407 3196 LXX
420 3137 562 3196 iudicium
580 3148 631 3211 est,
651 3139 699 3198 cui
717 3158 784 3197 cum
798 3135 974 3197 Callimachi
991 3137 1203 3213 epigrammate

113 3224 241 3284 XXVII
267 3222 355 3284 Schn.
383 3222 456 3282 adeo
483 3226 633 3294 convenit,
664 3223 721 3281 hoc
746 3230 780 3280 ut
805 3220 922 3283 Catullo
949 3219 1016 3278 illos
1042 3219 1203 3279 versiculos

114 3310 254 3370 scribenti
275 3328 328 3386 pro
351 3307 486 3388 exemplo
508 3307 600 3366 fuisse
623 3307 804 3366 confidenter
825 3305 982 3365 adfirmare
1007 3304 1108 3364 liceat:
1134 3325 1204 3366 nam

115 3415 181 3466 cum
207 3395 371 3453 sententiae
393 3396 425 3452 in
447 3400 571 3472 utroque
597 3393 707 3452 similes
734 3395 800 3465 sint,
826 3399 890 3450 tum
915 3389 1020 3450 eadem
1045 3390 1134 3469 plane
1160 3398 1204 3451 est
1298 3405 1303 3416 ·

115 3482 256 3538 orationis
274 3478 476 3552 conformatio,
494 3480 771 3558 accuratissimeque
788 3475 969 3556 respondent
985 3475 1043 3535 sibi
1059 3497 1088 3534 v.
1108 3479 1124 3534 1
1139 3483 1169 3534 et
1183 3477 1201 3534 3

113 3565 166 3624 illa
183 3556 296 3638 Ὦμοσε
314 3555 507 3638 -Ὦμοσεν
543 3557 621 3622 ἀλλά
648 3570 678 3624 et
700 3565 766 3621 dicit
783 3595 825 3603 —
842 3563 936 3620 Dicit:
963 3563 1020 3618 sed.
1056 3568 1087 3619 at
1113 3563 1199 3632 enim,

114 3648 362 3730 quemadmodum
385 3649 519 3708 Catullus
541 3651 573 3707 in
595 3650 692 3728 priore
714 3647 838 3706 disticho
861 3667 880 3706 a
900 3656 1005 3726 poetae
1023 3645 1202 3724 Cyrenensis

115 3738 261 3796 sententia
282 3733 466 3814 aliquantum
489 3731 623 3806 deflexit,
647 3735 756 3812 quippe
778 3735 848 3812 quia
869 3734 934 3811 ipsa
955 3730 1047 3791 verba
1067 3729 1202 3802 Lesbiae,

114 3823 169 3880 etsi
187 3821 310 3878 fortasse
327 3819 492 3898 paullulum
514 3820 675 3889 immutata,
697 3818 795 3891 refert,
817 3819 867 3889 ita,
890 3816 969 3896 quod
990 3817 1022 3874 in
1043 3816 1204 3892 posteriore

114 3903 367 3964 adseverationem
385 3903 515 3964 mulieris
533 3905 575 3961 ait
592 3906 623 3964 in
636 3911 726 3962 vento
744 3910 774 3962 et
790 3922 869 3982 aqua
881 3901 971 3960 scribi
984 3907 1125 3978 oportere,
1144 3898 1204 3957 alia

115 3998 203 4068 atque
225 3988 433 4062 Callimachus,
461 3988 513 4048 sed
539 3991 610 4047 item
632 3987 748 4048 Graeca
773 3988 904 4063 imagine
930 4005 1001 4082 usus
1027 3993 1078 4044 est.
1113 4003 1204 4083 guam

113 4083 214 4134 tamen
227 4078 280 4133 vix
292 4082 429 4152 putamus
447 4093 463 4133 e
481 4094 568 4133 versu
581 4074 633 4132 illo
648 4071 812 4150 Sophocleo
826 4063 931 4146 ὅρκους
948 4066 1002 4146 ἐγω
1015 4089 1149 4146 γυναικυς
1162 4089 1204 4136 εις

113 4151 191 4248 ὕδωρ
209 4155 314 4237 γράφω
327 4156 444 4236 (fragm.
461 4161 520 4217 741
531 4157 583 4236 Ν.)
593 4157 779 4238 adsumptam
793 4175 864 4229 esse,
878 4173 954 4235 quae
967 4156 992 4213 Ι.
1003 4153 1039 4214 G.
1053 4153 1210 4232 Huschkii,
