2968 4990
254 498 320 565 sive
338 509 425 565 trans
444 500 523 564 altas
540 501 704 585 gradietur
721 502 833 588 Alpes,

254 591 402 659 Caesaris
420 593 525 658 visens
542 594 736 660 monimenta
753 595 871 682 magni,

254 685 416 754 Gallicum
430 687 597 766 Rhenum,
615 688 764 756 horribile
784 711 917 774 aequor,
942 689 1018 757 ulti·

253 803 386 865 mosque
404 780 586 857 Britannos,

252 968 358 1032 omnia
374 967 464 1044 haec,
482 989 701 1052 quaecumque
719 969 800 1034 feret
816 969 964 1036 voluntas

253 1062 411 1139 caelitum,
429 1071 583 1146 temptare
601 1062 696 1126 simul
713 1061 826 1146 parati,

252 1177 356 1240 pauca
373 1154 516 1219 nuntiate
533 1175 624 1220 meae
640 1155 766 1240 puellae

252 1269 316 1312 non
334 1249 418 1313 bona
436 1247 530 1314 dicta.

253 1455 325 1499 cum
344 1434 410 1498 suis
427 1433 514 1498 vivat
531 1433 699 1517 valeatque
717 1435 867 1513 moechis,

252 1549 332 1611 quos
350 1527 443 1592 simul
462 1527 616 1612 conplexa
633 1537 720 1592 tenet
737 1539 904 1607 trecentos,

251 1620 375 1684 nullum
391 1642 603 1698 emanavere,
622 1620 679 1686 sed
697 1621 870 1688 identidem
888 1622 1028 1688 omnium

250 1714 306 1779 ilia
322 1737 487 1800 rumpens:

250 1922 310 1966 nec
327 1923 434 1967 meum
450 1911 615 1986 respectet,
634 1913 671 1965 ut
688 1912 772 1978 ante,
792 1925 946 1982 amorem,

252 1995 307 2079 qui
324 1996 409 2059 illius
427 1995 522 2079 culpa
540 1994 653 2059 cecidit
670 1995 756 2059 velut
774 1997 856 2080 prati

251 2087 354 2152 ultimi
370 2089 440 2165 flos,
456 2097 678 2173 praetereunte
696 2099 865 2172 postquam

252 2191 354 2247 tactus
372 2191 476 2246 aratro
495 2191 553 2247 est.

589 2470 673 2535 XII.

253 2590 478 2687 rlMarrucine
495 2590 600 2666 Asini,
618 2612 715 2654 manu
733 2589 860 2655 sinistra

274 2686 356 2749 lnon
372 2683 456 2749 belle
473 2684 570 2748 uteris
587 2684 620 2747 in
637 2683 707 2749 ioco
725 2695 821 2767 atque
837 2683 927 2749 vino:

293 2777 376 2843 tollis
393 2778 489 2842 lintea
506 2777 790 2863 neglegentiorum.

293 2870 355 2935 hoc
372 2871 490 2934 salsum
507 2893 575 2935 esse
592 2871 706 2956 putas?
725 2870 807 2956 fugit
824 2881 865 2947 te,
883 2871 1004 2956 inepte:

293 2964 438 3048 quamvis
456 2964 582 3028 sordida
599 2986 649 3028 res
667 2975 698 3029 et
716 2965 922 3029 invenustast.

292 3081 357 3124 non
374 3055 477 3123 credis
494 3057 593 3122 mihi?
610 3059 703 3122 crede
721 3057 859 3123 Pollioni

293 3151 393 3230 fratri,
411 3151 465 3236 qui
484 3163 538 3216 tua
555 3151 640 3216 furta
657 3152 707 3216 vel
726 3151 843 3217 talento

293 3246 409 3311 mutari
427 3245 517 3311 velit:
536 3257 585 3310 est
602 3245 684 3311 enim
707 3246 851 3330 leporum

295 3341 429 3406 disertus
445 3363 526 3425 puer
544 3362 581 3404 ac
599 3339 795 3404 facetiarum.

295 3457 392 3518 quare
410 3445 465 3499 aut
482 3433 762 3518 hendecasyllabos
781 3442 937 3498 trecentos

295 3538 427 3614 expecta
445 3537 500 3592 aut
517 3526 594 3591 mihi
611 3527 741 3593 linteum
760 3527 894 3604 remitte,

292 3621 378 3705 quod
396 3641 528 3686 menon
546 3630 652 3685 movet
668 3619 894 3697 aestimatione,

294 3737 405 3779 verum
423 3724 472 3779 est
488 3735 729 3798 mnemosynum
747 3713 809 3778 mei
827 3712 953 3778 sodalis.

292 3832 366 3873 nam
385 3807 511 3872 sudaria
530 3805 669 3873 Saetaba
687 3830 727 3872 ex
745 3806 874 3870 Hiberis

293 3902 447 3967 miserunt
464 3901 541 3965 mihi
559 3901 681 3966 muneri
699 3901 854 3964 Fabullus

294 4007 326 4060 et
343 3995 516 4063 Veranius:
535 3994 614 4060 haec
632 4017 735 4060 amem
753 4002 913 4057 necessest

294 4099 330 4154 ut
347 4089 553 4156 Veraniolum
571 4111 678 4154 meum
697 4100 728 4154 et
745 4085 930 4150 Fabullum.
