2968 4990
511 423 737 469 ruonueorfflnt

253 542 301 600 Aa
312 545 440 620 patriam
455 545 533 602 venio
551 546 641 618 longia
659 564 678 601 a
692 546 794 615 finibus
811 548 883 606 aaut.

256 627 353 686 Causa
368 631 423 687 mei
437 629 544 687 reditus
563 632 745 704 compatriota
760 632 824 703 fait,
848 675 851 678 -

255 711 368 771 Scilicet
384 734 403 772 a
422 717 546 786 calamis,
565 716 660 772 tribuit
678 718 722 772 cui
737 716 863 773 Francia
879 735 985 790 eramen,

255 796 362 873 Quique
379 809 457 857 notat
475 801 572 856 turbae
584 803 791 876 praetereuntis
808 803 870 858 iter.

255 881 315 951 Quo
332 886 395 941 licet
412 886 518 958 iugenio
535 894 657 942 vestrum
674 887 807 943 celebrate
823 885 974 960 Catullum,

254 967 341 1026 Ocius
359 969 515 1026 submodio
534 972 631 1027 clausu
643 989 775 1045 papyrus
793 981 863 1027 erat.

77 1051 312 1112 Benevenutum
335 1052 563 1132 Campesanium
584 1054 762 1127 Vicetinum,
788 1061 905 1132 poetam
931 1053 1009 1134 apud
1032 1055 1170 1135 aequales

79 1135 206 1209 clarum,
233 1141 338 1216 primis
360 1137 511 1198 decenniis
534 1138 643 1198 saeculi
665 1142 764 1218 quarti
790 1138 896 1198 decimi
917 1143 1028 1200 vixisse
1049 1149 1080 1200 et
1100 1151 1170 1200 ante

79 1241 196 1280 annum
217 1223 299 1281 1330
316 1231 463 1282 mortuum
481 1241 544 1282 esse
561 1227 678 1282 scimus.
704 1223 764 1282 vid.
778 1223 928 1302 Hauptius
946 1243 1043 1302 opusc
1057 1226 1082 1298 I,
1096 1246 1124 1304 p.
1139 1227 1168 1284 3.

78 1305 258 1366 Schwabius
281 1311 314 1366 in
333 1311 406 1366 actis
429 1315 591 1367 conventus
608 1307 750 1387 philolog.
767 1309 938 1367 Misniensis
954 1328 984 1387 p.
1004 1311 1073 1368 113.
1109 1311 1170 1388 epi·

78 1411 219 1469 gramma
235 1399 333 1450 autem
352 1395 414 1451 eius
432 1392 469 1453 de
486 1393 615 1452 inventis
634 1392 745 1452 Catulli
762 1393 941 1452 carminibus
959 1413 1025 1452 cnm
1042 1397 1081 1452 sit
1098 1413 1170 1454 sane

77 1476 237 1536 obscurius
250 1484 280 1535 et
298 1479 474 1553 aenigmatis
492 1477 596 1551 simile,
615 1497 675 1537 uon
689 1477 858 1536 mirandum
871 1486 916 1537 est
930 1478 1009 1557 quod
1026 1477 1063 1537 de
1081 1481 1170 1539 inter·

75 1560 228 1640 pretendo
251 1581 285 1621 eo
307 1565 409 1622 variae
426 1570 494 1622 snut
511 1562 769 1641 discrepantesque
787 1566 958 1623 sententiae.
999 1570 1028 1623 et
1044 1561 1170 1624 alterum

76 1644 203 1726 quidem
222 1644 377 1719 distichon,
395 1667 452 1727 quo
466 1667 574 1707 nomen
588 1655 617 1707 et
634 1646 766 1707 officium
778 1649 941 1707 inventoris
954 1647 1167 1725 significentur,

75 1749 188 1790 vereor
205 1749 243 1790 ne
260 1751 422 1810 numquam
438 1732 526 1811 plene
540 1731 676 1810 expediri
688 1736 790 1811 possit.
825 1732 878 1818 sed
894 1733 927 1792 id
944 1752 982 1793 ne
999 1733 1089 1792 refert
1106 1738 1169 1813 qui·

78 1815 151 1876 dem
176 1819 292 1892 magni:
320 1815 429 1876 sufficit
455 1820 535 1876 enim
561 1836 600 1878 ex
618 1827 648 1876 r.
668 1819 686 1875 2
710 1836 886 1895 cognoscere
912 1817 998 1877 illum
1019 1818 1169 1879 hominem

75 1901 285 1967 Veronensem
299 1899 399 1960 fuisse.
436 1901 516 1980 quod
529 1910 628 1962 autem
646 1901 685 1960 ad
698 1906 754 1961 v.1
770 1906 884 1975 attinet,
902 1910 982 1962 recte
996 1905 1059 1963 sine
1077 1903 1167 1963 dubio

78 1987 111 2046 ei
128 1983 262 2043 iudicant
279 1987 331 2064 qui
348 1986 391 2045 ibi
410 1983 560 2045 Catullum
577 1995 698 2046 censent
715 1986 753 2046 ab
774 1986 877 2046 inferis
894 1987 1066 2047 redeuntem
1083 1989 1167 2065 fingi.

76 2089 173 2150 quam
191 2069 229 2128 ad
246 2070 473 2148 explicationem
491 2070 722 2130 confirmandam
739 2092 801 2130 non
817 2070 942 2131 multum
955 2070 1075 2152 quidem
1092 2071 1168 2131 illud

76 2154 163 2214 valet
181 2153 260 2232 quod
276 2157 309 2213 in
326 2154 427 2214 codice
440 2155 691 2231 sangermanensi
708 2157 891 2235 epigramma
904 2155 1094 2234 Campesanii
1112 2155 1168 2217 ‘de

76 2241 345 2299 resurrectione
376 2238 525 2300 Catulli'
551 2241 729 2314 inscribitur,
761 2243 831 2320 qnia
860 2241 909 2300 hic
939 2240 1042 2300 titulus
1068 2249 1167 2300 utrum

76 2326 141 2403 ipsi
158 2324 271 2382 auctori
289 2323 431 2384 debeatur
451 2343 544 2385 necne
566 2329 708 2385 incertum
731 2333 783 2386 est.
819 2325 871 2386 sed
894 2327 946 2406 qui
962 2325 1092 2387 codicem
1110 2326 1166 2386 (ia-

75 2408 238 2468 tullianum
255 2407 313 2467 dici
332 2412 503 2469 existimant
523 2410 692 2492 longinquis
711 2429 727 2471 e
744 2411 828 2471 terris
845 2412 995 2471 Veronam
1012 2410 1166 2471 reductum

77 2512 155 2566 esse,
181 2502 216 2552 ut
240 2493 364 2554 Ellisius
388 2494 499 2574 proleg.
521 2517 549 2575 p.
568 2496 630 2556 XV
647 2495 692 2556 ed.
715 2494 765 2555 alt.
788 2503 818 2556 et
838 2496 1037 2556 Baehrensius
1053 2496 1166 2575 proleg.

75 2600 107 2658 p.
126 2579 198 2652 VH,
220 2598 325 2657 parum
345 2588 557 2658 reputaverunt
579 2601 640 2642 non
656 2581 765 2640 librum
782 2589 896 2660 poetae,
915 2581 967 2640 sed
983 2582 1080 2660 ipsum
1097 2602 1166 2661 poe·

75 2674 143 2724 tam
158 2664 328 2743 loquentem
343 2664 454 2738 induci,
472 2673 507 2724 ut
520 2674 683 2726 extremum
697 2666 844 2726 distichon
860 2669 1015 2745 perspicue
1028 2665 1165 2728 ostendit.

76 2753 192 2828 vixque
214 2748 354 2809 credibile
375 2758 420 2809 est
441 2750 676 2830 Campesaninm,
699 2753 725 2811 si
745 2751 832 2810 homo
855 2750 963 2830 aliquis
985 2751 1166 2810 Veronensis

76 2833 211 2895 codicem
230 2831 432 2893 catullianum
454 2855 577 2914 peregre
597 2840 631 2895 in
651 2839 778 2914 patriam
795 2837 971 2915 portavisset
987 2836 1051 2895 sive
1067 2855 1166 2914 repor-

74 2920 211 2990 tavisset,
229 2921 361 2995 imagine
377 2923 484 2998 papyri
502 2921 556 2981 sub
573 2920 671 2980 modio
686 2920 803 2980 clausae
815 2940 936 2979 usurum
948 2919 1047 2978 fuisse.
1074 2922 1165 2980 immo

74 3005 153 3064 haec
171 3002 340 3076 similitudo,
363 3023 452 3082 quam
475 3005 526 3063 diu
543 3006 726 3065 intellectum
743 3012 787 3066 est
808 3006 930 3083 petitam
948 3022 1012 3063 esse
1029 3023 1048 3062 a
1064 3004 1165 3064 Lucae

74 3089 180 3149 verbis
206 3105 251 3147 ev.
272 3089 321 3161 11,
340 3087 390 3160 33,
421 3088 454 3147 id
482 3093 581 3168 potins
607 3089 728 3162 indicat,
756 3089 886 3148 adfuisse
911 3086 1030 3168 quidem
1055 3087 1164 3149 librum

76 3174 175 3246 illum,
190 3171 242 3232 sed
254 3171 386 3232 latitasse
402 3175 436 3232 in
452 3177 622 3254 nescioquo
636 3174 746 3252 angulo
762 3174 883 3234 obscuro
896 3172 1038 3232 abditum.
1063 3175 1165 3253 itaque

76 3279 133 3338 pro
161 3256 313 3336 explorato
338 3265 435 3335 potest
459 3258 562 3319 haberi
585 3261 638 3319 sub
661 3262 779 3318 initium
801 3258 913 3318 saeculi
938 3261 1036 3337 quarti
1058 3255 1165 3320 decimi

78 3342 212 3403 codicem
230 3342 360 3422 aliquem
378 3341 488 3403 Catulli
504 3345 641 3405 Veronae
658 3364 677 3403 a
694 3348 759 3404 cive
776 3345 941 3404 Veronensi
963 3362 1000 3402 ex
1018 3342 1165 3405 diuturnis

77 3429 210 3489 tenebris
236 3434 415 3507 protractum
436 3447 508 3489 esse.
542 3429 622 3489 hunc
644 3437 742 3489 autem
768 3427 894 3489 eundem
916 3425 1046 3487 codicem
1072 3427 1163 3490 fuisse

80 3531 168 3592 quem
195 3512 311 3572 saeculo
339 3512 452 3573 decimo
472 3515 632 3574 Ratherius
657 3514 771 3591 legerat
796 3533 863 3573 cum
884 3532 937 3592 per
958 3531 990 3572 se
1011 3513 1164 3592 probabile

80 3605 133 3670 est,
143 3605 205 3657 tum
215 3599 244 3657 ei
258 3600 444 3659 coniecturae
457 3600 671 3679 subscriptione
683 3599 753 3658 libri
762 3598 1026 3676 sangermanensis
1039 3598 1164 3659 multum

80 3681 153 3741 fidei
171 3682 297 3742 additur.
333 3685 359 3742 is
377 3687 457 3744 enim
473 3684 549 3744 liber
562 3705 589 3744 a.
604 3685 685 3743 1375
699 3685 836 3744 Veronae
850 3687 974 3762 scriptus
988 3690 1040 3755 est,
1055 3686 1164 3763 quique

81 3784 150 3826 eum
163 3770 297 3828 exaravit
310 3769 461 3848 exemplar
474 3789 559 3829 suum
571 3773 880 3848 corruptissimum
897 3776 927 3828 et
944 3767 1165 3828 salebrosum

81 3849 155 3911 dicit
180 3872 277 3933 neque
306 3853 400 3913 ullum
431 3854 514 3914 eliud
540 3874 579 3915 ex
604 3874 663 3935 quo
691 3856 885 3914 transcribere
910 3859 1009 3932 posset
1034 3851 1165 3913 adfuisse

81 3943 214 3996 testatur.
240 3937 320 3998 unde
338 3938 478 3999 duceres
495 3938 575 4000 effici
593 3943 718 4019 cogique
735 3947 866 4018 possunt,
883 3939 1019 4016 primum,
1038 3937 1165 4014 Senger·

82 4041 253 4083 manensem
275 4042 313 4084 ex
334 4027 399 4102 ipso
422 4024 523 4084 codice
544 4025 709 4086 Veronensi
726 4021 780 4099 (V)
797 4025 899 4080 -ita
920 4023 999 4082 enim
1021 4021 1164 4101 adpellari

81 4105 274 4187 denoterique
293 4107 367 4169 solet
386 4109 621 4190 -descriptum
639 4128 710 4181 esse,
729 4108 847 4179 deinde,
864 4107 945 4166 hunc
961 4111 1116 4187 antiquum
1134 4116 1164 4167 et

81 4197 152 4253 satis
180 4193 333 4253 difficilem
358 4193 437 4254 lectu
463 4194 561 4256 fuisse.
602 4214 725 4275 quarum
747 4193 967 4254 conclusionum
992 4196 1073 4270 prior
1093 4213 1165 4254 sane

956 4286 994 4332 G.
1111 4300 1114 4306 ,
