2968 4990
509 401 687 447 suuorsrro
709 403 832 446 ommes
886 381 889 387 ’
1164 405 1219 449 oxr

190 521 291 584 Vns
314 524 435 581 bareuae
457 520 493 582 O.
528 543 632 582 arenae
652 524 812 602 Hauptius.
834 553 878 566 -·
903 522 924 582 4
947 525 1155 601 laserpiciferis
1175 524 1206 585 V

127 610 331 684 laserpiciferis
348 608 509 687 Hauptius.

191 693 275 752 IXl
305 695 411 752 Verani
427 713 494 752 oum
506 691 646 754 Ramlero
659 697 835 755 recentiores
852 692 994 773 plerique.
1035 695 1161 754 Veruuni
1176 695 1206 756 V

127 781 222 838 etsie
243 777 402 858 Hauptius.
447 785 479 836 at
500 777 581 837 idem
602 777 632 838 V
652 781 685 838 in
706 777 829 856 reliquis
851 777 1030 837 carminibus
1052 782 1086 838 in
1107 779 1219 859 quibus·

127 863 185 921 hoo
205 881 313 923 nomen
333 865 486 922 invenitur
503 857 581 936 (XII
599 863 647 920 16.
667 864 716 922 17.
738 863 883 923 XXVIII
901 864 929 922 3.
952 862 1075 924 XLVII
1092 863 1124 938 3)
1147 884 1220 924 eonm

128 955 241 1006 stanter
258 968 279 1006 n
295 948 422 1027 simplex
442 948 573 1026 praebet,
596 966 719 1028 eamque
741 947 865 1007 formam
885 954 1002 1027 praeter
1019 947 1135 1008 oodiees
1152 949 1214 1008 Pli-

127 1035 234 1092 nianos
250 1034 285 1091 in
300 1041 361 1093 net.
380 1033 447 1092 hist.
467 1034 561 1104 initio,
583 1033 636 1093 ubi
655 1032 766 1093 Catulli
784 1054 808 1092 o.
825 1032 892 1092 XII
908 1036 1073 1112 respicitur,
1092 1036 1217 1114 iuscrip-

127 1118 224 1176 tiones
245 1137 362 1197 quoque
385 1124 415 1178 et
434 1116 635 1195 Pompeianae
653 1114 693 1192 (v.
712 1117 944 1193 Zangemeisteri
965 1117 1027 1177 ind
1044 1139 1073 1197 p.
1093 1118 1168 1196 232)
1186 1127 1219 1179 et

128 1201 214 1275 aliae,
239 1200 334 1262 veluti
354 1202 534 1263 Veronensis
559 1204 592 1262 in
614 1201 647 1264 O.
666 1204 691 1263 I.
709 1202 745 1261 L.
763 1203 800 1276 V,
821 1204 848 1275 1,
867 1223 896 1260 n.
916 1203 1008 1276 3787,
1032 1203 1218 1263 confirmant.

128 1294 258 1347 ceterum
283 1291 430 1347 sententia
459 1286 545 1347 dooet
574 1290 607 1346 in
633 1287 689 1346 hoo
714 1305 803 1346 versu
829 1285 943 1366 aliquid
969 1287 1071 1346 mendi
1097 1288 1223 1348 subesse·

129 1369 219 1448 (inO
242 1371 324 1432 deest
344 1372 544 1451 praepositio).
579 1373 680 1452 itaque
707 1374 825 1449 signum
851 1372 945 1431 erucis
967 1374 997 1431 ei
1022 1371 1155 1451 adposui.
1174 1404 1216 1414 -

128 1458 150 1515 4
168 1477 304 1532 auumque
321 1457 464 1516 Faernus.
492 1477 644 1532 sanamque
661 1456 698 1529 0,
716 1477 848 1532 mamque
866 1452 948 1530 (ssor.
967 1455 1078 1531 sanam)
1097 1456 1133 1530 G,
1153 1459 1223 1537 qui·

127 1542 185 1602 bus
208 1543 240 1600 in
263 1542 414 1620 seripturis
434 1541 542 1600 anihil
563 1549 608 1601 est
628 1545 687 1602 nisi
705 1550 836 1602 extrema
853 1543 934 1601 vocis
951 1541 1152 1602 antecedentis
1168 1542 1222 1602 lit-

128 1636 193 1686 tera
219 1624 294 1685 falso
320 1627 378 1686 huo
403 1633 504 1685 tracta.
548 1646 621 1684 auus
650 1627 791 1686 adiectivi
815 1628 912 1686 vioem
938 1625 1052 1686 obtinet
1078 1630 1167 1686 etiam
1190 1647 1221 1687 o.

128 1711 269 1771 LXVIII
286 1712 326 1770 46
351 1719 380 1770 et
401 1710 556 1772 LXXVII
575 1713 623 1770 10.
668 1733 751 1770 auum
772 1722 888 1770 matrem
915 1709 1025 1789 legitur
1046 1711 1125 1792 apud
1148 1711 1224 1774 Gel-

128 1796 203 1856 lium
219 1796 270 1855 III
289 1796 327 1855 15
346 1798 374 1854 4.
410 1817 553 1872 seuumque
569 1797 719 1875 Hauptius
738 1817 805 1856 oum
822 1795 965 1857 Avantio.

194 1881 226 1940 X
245 1883 295 1940 9s.
318 1882 386 1939 nibil
406 1902 493 1957 neque
515 1883 587 1958 ipsis
603 1882 665 1939 Iam
686 1883 867 1958 praetoribus
885 1901 946 1939 esse
962 1899 1011 1939 aee
1030 1881 1135 1938 seberti
1152 1898 1221 1958 ego.

128 1967 198 2024 nibil
215 1986 301 2041 neque
318 1969 389 2042 ipsis
405 1965 467 2024 Nea
479 1967 662 2042 praetoribus
677 1987 700 2024 e.
719 1987 748 2023 r.
767 1985 791 2024 s.
825 1965 1037 2025 Laohmunmrs
1054 1965 1223 2043 Hauptius-

129 2069 196 2131 que,
216 2058 246 2110 et
263 2055 306 2111 sio
322 2051 423 2128 vulgo.
458 2068 561 2110 verum
577 2051 650 2110 haso
666 2050 753 2111 lectio
771 2050 842 2109 ferri
859 2071 920 2110 non
936 2057 1041 2128 potest,
1064 2053 1128 2109 sive
1145 2053 1224 2126 ipsis

129 2135 169 2194 ad
186 2135 298 2195 inoolas
314 2136 477 2214 Bithyniae
499 2138 563 2195 sive
584 2134 623 2194 ad
644 2142 793 2214 praetores
813 2134 931 2194 refers·
955 2134 1025 2194 libri
1045 2136 1151 2194 misere
1168 2134 1223 2194 hie.

129 2223 266 2298 compti.
302 2222 370 2278 nibil
387 2239 473 2295 reque
490 2239 539 2278 uec
556 2223 585 2278 iu
602 2222 672 2296 ipsis
690 2220 752 2278 Neo
764 2240 814 2296 pr.
834 2241 857 2277 e.
875 2240 904 2277 n.
920 2238 943 2277 o.
958 2217 994 2292 Ο,
1013 2217 1150 2297 idemque
1167 2219 1219 2278 vel

129 2305 240 2366 similia
255 2305 368 2384 reliqui.
404 2323 454 2362 nee
470 2307 535 2365 sine
551 2304 640 2364 dubio
657 2324 711 2384 per
728 2323 855 2364 errorem
872 2323 889 2364 s
906 2307 1060 2364 vicinitate
1077 2306 1167 2362 etism
1183 2307 1218 2363 in

128 2392 247 2450 initium
269 2409 371 2449 versus
391 2391 431 2448 10
448 2391 573 2469 irrepsit.
614 2409 667 2470 pro
689 2410 747 2470 quo
766 2389 844 2470 quod
865 2392 952 2468 posui
969 2392 1033 2462 iam,
1057 2391 1167 2467 optime
1183 2388 1217 2448 id

127 2473 288 2554 respondet
305 2474 401 2535 eidem
420 2474 545 2534 vooulas
561 2477 595 2535 in
616 2494 790 2554 praegressa
810 2477 1042 2552 interrogatione
1060 2475 1129 2548 quid
1145 2484 1224 2532 esset·

128 2562 191 2618 Iam
207 2560 351 2637 Bithynia,
369 2559 545 2640 videturque
561 2562 721 2637 vestigium
739 2564 803 2621 eius
820 2570 969 2620 servatum
987 2577 1050 2620 esse
1067 2562 1100 2618 in
1117 2557 1169 2619 illo
1188 2564 1217 2617 iu

130 2644 209 2725 quod
227 2645 341 2706 codices
360 2653 430 2705 ante
451 2649 523 2721 ipsis
543 2645 696 2725 praebent.
731 2647 878 2706 sententia
893 2644 1050 2705 manifesto
1067 2644 1141 2703 haee
1158 2651 1223 2704 ests

129 2729 275 2808 Bithynia
292 2729 331 2788 ad
351 2737 465 2789 tantam
486 2728 608 2790 redacta
625 2738 671 2790 est
691 2733 822 2810 inopiam
839 2737 872 2790 ut
888 2732 948 2789 iam
966 2748 1005 2789 ne
1021 2732 1080 2807 ipsi
1097 2728 1223 2807 quidem

129 2823 287 2894 praetores,
314 2813 423 2876 nedum
449 2813 565 2888 cohors,
592 2814 776 2895 aliquantum
801 2815 845 2875 ibi
870 2813 945 2874 lueri
971 2812 1069 2873 faeere
1093 2816 1220 2891 possint

130 2901 204 2958 haeo
226 2899 404 2976 generaliter
426 2896 505 2958 diota
526 2898 565 2957 ad
587 2906 695 2959 statum
716 2902 888 2978 provinciae
910 2902 1081 2972 universum
1104 2896 1219 2974 signifi·

131 2984 271 3044 eandum:
289 2987 321 3041 in
339 2986 381 3042 eis
400 3001 476 3060 quoe
494 2990 631 3043 secuntur
642 2992 729 3061 poeta
742 2982 781 3042 ad
794 2983 942 3042 eohortem
955 2983 1089 3041 Memmii
1102 2983 1217 3054 transit,

129 3073 163 3128 in
175 3089 236 3148 qua
248 3069 312 3146 ipse
324 3067 429 3127 fuerat
447 3098 491 3108 -
508 3069 547 3126 13
566 3087 615 3125 uer
630 3070 738 3141 faceret
755 3065 792 3128 Ο.
817 3086 873 3124 nou
890 3063 971 3141 (ssor.
985 3065 1047 3144 nee)
1058 3068 1166 3140 faceret
1180 3064 1217 3126 G.

130 3173 186 3211 nou
206 3154 314 3226 faeiem
334 3151 485 3232 Hauptius
507 3172 574 3212 oum
596 3151 758 3213 Gronovio.
775 3182 817 3194 -
840 3152 879 3209 26
898 3148 1034 3227 Sarapim
1055 3169 1072 3210 e
1095 3149 1172 3210 Get
1187 3151 1218 3208 D

129 3239 298 3298 restitutam
320 3257 339 3295 a
359 3236 523 3302 Schwabio.
563 3237 640 3297 conf.
661 3237 762 3296 Ellisii
783 3235 850 3295 adn.
873 3240 937 3295 erit.
975 3235 1107 3311 Serapim
1122 3234 1218 3296 Lash-

130 3341 258 3383 mannus
280 3329 309 3382 et
329 3321 488 3401 Hauptius.
505 3355 550 3364 —
566 3323 607 3380 27
629 3325 749 3399 signum
771 3321 895 3381 lacunae
915 3328 983 3400 post
1002 3320 1083 3380 hune
1100 3339 1220 3380 versum

131 3409 170 3468 ab
191 3408 326 3486 Hauptio
349 3427 416 3466 oum
433 3406 625 3467 Lachmanno
648 3411 777 3487 positum
798 3405 912 3465 sustuli.
930 3437 973 3447 —
995 3407 1035 3465 32
1055 3426 1137 3481 quam
1154 3407 1226 3464 mibi

130 3496 259 3571 paramm
285 3500 459 3571 suspectum.
502 3500 581 3552 reete
607 3491 731 3551 fortasse
757 3491 869 3552 Statius
895 3511 978 3567 quum
1003 3492 1070 3548 mibi
1091 3493 1220 3566 paratis,

131 3578 211 3659 quod
227 3576 365 3657 probavit
381 3579 469 3636 etiam
481 3578 589 3638 Munro
607 3577 626 3636 l.
641 3598 665 3638 o.
679 3596 707 3657 p.
723 3577 772 3636 37.
790 3607 833 3618 -
851 3577 890 3636 33
910 3586 935 3634 et
948 3575 985 3636 V.
1017 3595 1051 3634 ae
1068 3575 1225 3655 Hauptius

132 3684 199 3724 oum
215 3661 408 3723 Lachmanno
426 3681 464 3722 ex
480 3663 518 3720 D.

194 3749 244 3808 XI
261 3748 279 3806 b
298 3748 443 3806 Arabasve
462 3766 500 3807 ex
514 3745 541 3807 Ο
554 3750 721 3807 restitutum
735 3766 754 3805 a
765 3746 956 3807 Baehrensio.
991 3745 1166 3818 arabumque
1181 3740 1224 3802 G.

130 3832 293 3908 Arabesque
320 3832 479 3911 Hauptius.
505 3864 548 3875 -
579 3833 598 3891 6
625 3835 829 3908 sapietiferosoe
854 3831 884 3892 V
909 3828 1083 3908 (sapitiferos
1109 3847 1142 3886 ue
1167 3825 1222 3903 Ο).

132 3921 358 3993 supitiiferosqae
373 3918 532 3996 Hauptius.

196 4002 263 4063 XII
281 4003 299 4062 6
320 4005 443 4061 Pollioni
458 4002 495 4063 V.
533 4003 644 4060 Poliom'
659 4001 818 4081 Hauptius.
837 4031 880 4042 -
899 4000 948 4060 16.
969 4000 1007 4057 17
1031 3999 1172 4059 Veranius
1189 4005 1226 4058 et

137 4089 315 4149 Veraniolum
331 4087 368 4148 V.
399 4107 427 4145 v.
446 4086 485 4146 ad
501 4087 550 4146 IX
565 4089 591 4145 1.
628 4087 786 4146 Verauuius
804 4092 834 4144 et
851 4085 1047 4145 Veraum'olum
1059 4083 1218 4161 Hauptius.

195 4173 273 4235 XIV
292 4173 364 4232 14s.
389 4175 514 4231 contiuuo
536 4181 567 4230 ut
589 4172 754 4247 disperiret
770 4169 980 4228 Saturnalibus.
1016 4166 1224 4246 distinguendi
