2954 4990
519 407 747 452 PROIAEGOIOENA
1123 406 1179 450 m

88 525 213 600 aemuli,
235 545 339 588 verum
362 528 451 586 etiam
472 526 668 587 humilitatem
689 530 848 586 inrisurum
872 530 906 587 in
927 525 1066 604 ambiguo
1091 544 1179 587 sensu

87 611 247 672 verborum
264 611 403 672 ‘Lesbius
421 619 466 672 est
481 612 595 691 pulcer'
614 613 719 673 lusisse
736 630 849 672 censeo.
881 631 956 692 quae
973 632 1118 672 unacum
1133 615 1179 671 in·

89 697 280 776 sequentibus
298 699 389 756 etiam
401 697 458 756 hoc
474 697 562 757 modo
575 697 711 775 intellegi
726 704 866 777 possunt:
884 698 967 758 ‘Sex
981 695 1103 758 Clodius
1117 717 1179 756 non

89 791 135 841 est
152 801 241 860 quem
258 781 356 841 adbuc
372 785 476 861 putavi
493 783 581 841 homo
603 783 748 858 sordidus,
770 782 823 842 sed
845 784 942 860 gentis
961 781 1107 842 Claudiae
1127 802 1182 841 no-

87 865 236 926 bilissima
261 866 376 926 familia
401 866 596 927 Pulchrorum
622 875 723 941 natus,
754 887 826 927 uam
852 867 959 928 Clodia
985 887 1053 928 eum
1079 873 1181 945 utpote

88 951 233 1028 gentilem
254 971 341 1010 suum
362 952 436 1010 mihi
453 972 520 1011 cum
536 960 599 1011 tota
615 959 704 1029 gente
721 971 789 1014 mea
810 951 982 1032 anteponit!
1017 954 1060 1010 ita
1083 954 1179 1028 gentis

90 1035 203 1096 Catulli
220 1038 526 1098 commemorationem
544 1045 573 1097 et
586 1039 681 1117 ipsam
699 1037 738 1096 ad
752 1037 952 1098 cavillandum
964 1037 1113 1098 hominem
1127 1039 1180 1115 qui

89 1129 211 1199 gentem
236 1142 298 1181 non
324 1120 414 1181 habet
439 1121 573 1182 conferre
598 1121 742 1182 videmus.
779 1129 867 1201 atque
892 1123 962 1182 huic
988 1122 1181 1201 explicationi

88 1205 174 1266 haud
193 1207 259 1267 leve
281 1205 461 1285 praesidium
483 1206 521 1265 ab
543 1208 677 1267 oratione
703 1205 849 1267 dedomo
872 1205 890 1281 ἓ
909 1208 948 1265 25
971 1214 1101 1286 paratur,
1127 1205 1181 1264 ubi

91 1290 197 1351 Cicero
214 1290 285 1350 Sex.
305 1289 443 1350 Clodium
465 1290 721 1371 inpudicissimum
743 1293 806 1351 eius
824 1311 891 1351 cum
909 1290 1016 1351 clodia
1034 1289 1181 1370 quadran·

88 1377 168 1436 teria
184 1379 389 1435 commercium
406 1375 624 1452 significaturus
638 1394 692 1455 per
704 1376 866 1436 ludibrium
881 1376 1018 1436 ‘socium'
1032 1376 1067 1434 P.
1082 1374 1181 1434 Clodii

90 1460 274 1538 ‘sanguinis'
294 1459 373 1519 dicit
391 1461 468 1520 conf.
485 1460 678 1520 Drumannus
696 1460 753 1520 1.1.
771 1470 830 1520 not.
851 1462 899 1521 95.
930 1468 1083 1540 praeterea
1099 1459 1181 1520 idem

91 1545 197 1606 Cicero
218 1546 251 1604 in
268 1544 404 1605 Sestiana
421 1543 439 1620 ἕ
458 1547 495 1604 81
516 1553 546 1606 et
567 1549 599 1605 in
622 1548 705 1624 epist
722 1545 763 1604 ad
781 1544 816 1620 Q.
835 1545 957 1606 fratrem
973 1547 1007 1606 Π
1022 1548 1061 1604 11
1077 1541 1144 1621 (13)
1160 1547 1179 1602 2

88 1630 127 1689 P.
152 1628 250 1689 Olodii
276 1629 431 1704 satellites,
461 1650 586 1710 quorum
613 1630 675 1690 dux
701 1638 765 1690 erat
790 1632 860 1692 Sex.
889 1630 1022 1704 Clodius,
1049 1629 1181 1707 ‘gentem

91 1713 244 1776 Clodiam’
262 1722 359 1774 vocat.

155 1798 239 1860 Addi
254 1799 300 1858 his
317 1807 441 1878 possunt
457 1799 518 1859 alia
535 1820 596 1860 non
612 1799 696 1860 nulla
713 1812 797 1881 quae,
822 1804 878 1860 etsi
894 1818 997 1880 perse
1018 1801 1181 1860 infirmiora

92 1903 158 1946 esse
174 1884 370 1959 concedimus,
392 1891 493 1944 tamen
515 1887 672 1944 coniuncta
694 1907 760 1945 cum
781 1887 885 1945 ceteris
907 1886 1041 1946 omnibus
1064 1893 1094 1944 et
1115 1887 1181 1964 ipsa

90 1969 208 2049 aliquid
223 1968 364 2048 ponderis
381 1972 598 2029 nanciscantur.
624 1969 718 2030 veluti
735 1970 816 2049 quod
832 1972 971 2029 maritum
983 1971 1110 2031 Lesbiae
1125 1969 1181 2030 Oa·

90 2054 183 2116 tullus
191 2075 217 2116 c.
225 2054 400 2114 LXXXIH
413 2054 528 2114 fatuum
542 2054 622 2127 dicit,
638 2056 804 2114 convicium
818 2054 850 2113 id
863 2055 982 2134 quidem
996 2063 1039 2114 est
1052 2055 1180 2114 hominis

89 2140 220 2202 Lesbiae
241 2158 343 2199 amore
365 2139 561 2218 depereuntis,
588 2140 637 2198 cui
659 2160 720 2199 non
742 2139 868 2198 multum
889 2138 1011 2213 tribuas,
1038 2138 1091 2198 sed
1112 2158 1180 2198 con·

89 2228 185 2299 venit,
205 2232 240 2284 ut
255 2224 394 2300 vidimus,
411 2225 526 2285 Metelli
543 2222 667 2284 indoles.
694 2224 803 2284 deinde
820 2223 948 2284 salacem
965 2225 1128 2297 tabemam‚
1146 2226 1180 2283 in

91 2330 153 2390 qua
174 2331 199 2370 o.
215 2309 375 2372 XXXVII
393 2309 502 2370 rivales
525 2329 592 2370 suos
614 2329 682 2369 cum
702 2309 803 2388 puella
823 2309 893 2368 sibi'
906 2308 1023 2369 infideli
1044 2307 1179 2368 sedentes

89 2395 216 2469 inducit,
237 2401 359 2474 propter
374 2414 478 2456 causas
495 2414 533 2456 ex
549 2396 615 2475 ipso
632 2402 768 2475 poemate
788 2396 897 2474 petitas
916 2394 1097 2454 ostendimus
1119 2414 1181 2453 non

89 2499 178 2560 posse
197 2483 317 2560 proprie
339 2479 448 2540 dictam
469 2499 542 2554 esse,
568 2479 624 2541 sed
643 2480 763 2540 domum
785 2479 917 2560 aliquam
938 2480 1120 2560 ampliorem,
1146 2482 1180 2539 in

91 2585 153 2646 qua
169 2565 270 2626 crebro
287 2567 427 2625 convivia
443 2568 628 2644 agitarentur
639 2565 747 2645 quibus
760 2564 870 2645 Lesbia
883 2585 1001 2647 quoque
1017 2567 1179 2637 interesset,

91 2651 255 2726 significari
276 2650 382 2710 videri.
417 2669 482 2711 eam
504 2669 568 2711 esse
590 2650 710 2710 domum
730 2649 766 2708 P.
785 2650 884 2711 Clodii
905 2650 1074 2710 Palatinam
1095 2657 1179 2709 tanto

91 2743 138 2796 est
155 2735 324 2795 credibilius
342 2742 453 2816 quanto
470 2735 587 2795 facilius
604 2735 670 2796 fieri
685 2742 783 2814 potest
799 2743 833 2796 ut
850 2739 923 2796 situs
944 2739 1007 2797 eius
1024 2756 1043 2794 a
1061 2733 1179 2794 Catullo

90 2821 191 2880 verbis
209 2821 241 2879 ‘a
256 2820 387 2900 pilleatis
403 2840 485 2880 nona
501 2821 641 2880 fratribus
657 2821 733 2900 pila'
751 2828 837 2881 caute
848 2821 995 2880 indicatus
1009 2823 1055 2879 sit.
1082 2837 1179 2898 neque

91 2907 174 2965 enim
189 2905 263 2965 baec
277 2904 381 2964 domus
396 2905 486 2983 longe
503 2925 522 2965 a
538 2904 648 2985 templo
663 2904 819 2966 Castorum
835 2908 868 2964 in
882 2904 1046 2965 meridiana
1057 2905 1180 2979 regione

89 2989 152 3050 fori
169 2993 226 3048 sito
243 2988 374 3050 abfuisse
390 2997 494 3069 potest.
529 3009 600 3050 nam
616 2992 752 3069 proxima
770 2997 833 3049 erat
848 2989 998 3050 Ciceronis
1015 2991 1048 3046 in
1061 2987 1178 3046 Palatio

91 3073 217 3134 aedibus
233 3070 275 3150 (v.
293 3093 335 3132 or.
354 3073 391 3132 de
413 3073 499 3134 domo
517 3074 535 3149 ξ
553 3074 614 3132 115
629 3094 652 3133 s.
686 3074 724 3134 de
745 3073 863 3153 harusp.
885 3091 960 3152 resp.
979 3071 997 3147 ἓ
1015 3073 1065 3132 33.
1100 3072 1178 3131 Dru·

89 3178 218 3220 mannus
239 3158 282 3231 Π,
304 3179 333 3237 p.
352 3156 436 3233 2⁷0).
470 3158 550 3218 hunc
567 3166 666 3218 autem
683 3177 722 3218 ex
739 3161 824 3237 epist.
842 3158 882 3217 ad
899 3156 961 3218 Att
979 3157 1013 3217 ΙΙ
1031 3158 1072 3215 24
1091 3159 1109 3216 3
1132 3161 1178 3217 in-

88 3243 244 3322 tellegitur
260 3247 393 3303 vicinum
405 3244 497 3304 fuisse
511 3242 647 3304 Caesaris
664 3242 801 3317 consulis,
819 3245 871 3323 qui
887 3249 921 3303 ut
933 3241 1069 3322 pontifex
1086 3245 1180 3302 maxi-

88 3349 156 3390 mus
178 3331 212 3389 in
233 3349 316 3390 saera
337 3331 388 3387 via
410 3327 496 3388 domo
517 3328 638 3408 publica
658 3327 813 3389 habitabat
835 3327 876 3405 (v.
895 3327 1015 3388 Sueten.
1037 3327 1094 3387 Iul.
1113 3325 1176 3403 46),

89 3416 399 3495 propinquitatemque
415 3413 472 3473 fori
487 3412 589 3475 Cicero
604 3411 764 3474 Caelianae
782 3411 800 3488 ἓ
819 3414 858 3472 18
877 3433 996 3473 causam
1014 3412 1110 3476 adfert
1127 3433 1180 3472 our

89 3518 158 3561 reus
176 3519 194 3558 a
211 3505 294 3578 patre
311 3501 345 3559 in
360 3499 489 3559 insulam
505 3499 540 3558 P.
557 3497 655 3558 clodii
673 3502 883 3576 semigraverit.
911 3498 991 3579 quod
1008 3500 1033 3558 si
1051 3506 1130 3558 recte
1147 3517 1179 3558 se

89 3584 189 3658 habet,
217 3588 306 3646 etiam
333 3587 400 3663 ipsa
424 3584 527 3663 templi
549 3583 705 3644 Castorum
729 3602 783 3663 por
805 3592 922 3663 poetam
944 3585 1178 3644 commemoratio

89 3677 188 3750 potest
214 3667 363 3750 quoddam
388 3689 512 3730 acumen
536 3669 659 3744 habere,
691 3673 833 3749 quoniam
849 3670 905 3728 hoc
931 3668 1073 3747 templum
1099 3686 1177 3726 anno

91 3748 217 3835 sesses,
240 3774 308 3833 quo,
329 3761 363 3813 ut
384 3752 464 3813 infra
485 3753 648 3834 adparebit,
675 3774 700 3813 c.
721 3753 880 3814 XXXVII
902 3752 1014 3813 Catulli
1039 3755 1179 3830 scriptum

91 3847 143 3913 est,
171 3838 278 3900 clodio
299 3859 352 3918 pro
378 3858 524 3899 armorum
545 3837 728 3918 receptaculo
754 3839 847 3898 fuisse
868 3843 974 3898 scimus
997 3834 1037 3912 (v.
1061 3835 1123 3896 Cic.
1145 3839 1179 3896 in

89 3921 255 4000 Pis.§11).
283 3924 534 3984 ‘contubemales‘
548 3932 647 3984 autem
658 3931 778 4003 aposta
795 3927 889 4003 carpti
905 3930 968 3983 tum
984 3919 1179 3998 intellegendi

91 4017 162 4070 sunt
177 4009 281 4070 Publii
298 4013 394 4085 amici,
418 4008 580 4070 ‘barbatuli
596 4009 732 4070 iuvenes'
750 4007 797 4068 illi
815 4029 937 4088 quorum
955 4005 1058 4066 Cicero
1075 4009 1177 4085 paucis

90 4098 179 4155 anuis
196 4101 265 4155 ante
288 4097 372 4174 epist.
395 4094 436 4154 ad
452 4092 584 4154 Atticum
600 4096 617 4154 I
636 4095 677 4153 14
696 4094 714 4152 5
733 4100 763 4154 et
781 4095 819 4152 16
841 4094 877 4150 11
902 4094 1080 4151 mentionem
1097 4090 1176 4150 facit.

89 4199 147 4242 nec
164 4180 294 4242 alienum
311 4200 330 4239 a
345 4199 379 4243 re
396 4183 452 4243 erit
467 4183 636 4240 meminisse
659 4179 804 4240 ‘convivii
824 4181 909 4237 istius
928 4169 1079 4254 ciustyoic'
1099 4175 1179 4256 quod
