2968 4990
547 397 775 441 PROIAEGOMRNA
1171 401 1212 442 CV

185 517 286 577 Unum
308 521 352 575 est
376 535 481 595 poema
500 516 610 576 Catulli
632 517 713 576 felici
735 537 805 576 casu
826 517 991 596 permulto
1010 521 1212 598 antiquiorem

117 623 211 681 quem
226 601 255 662 G
272 607 302 660 et
314 600 342 662 O
354 601 462 660 librum
478 602 564 661 nobis
582 601 731 674 traditum,
750 621 868 662 carmen
884 603 986 676 LXII,
1006 605 1084 683 quod
1103 604 1215 681 legitur

118 690 213 746 etiam
229 689 263 745 in
279 688 431 745 notissimo
451 686 550 746 codice
568 687 705 746 Parisino
718 688 785 746 Lat.
801 689 881 746 8071
903 691 966 747 sive
984 689 1129 748 Thuaneo
1146 686 1209 764 (T),

119 791 211 852 quem
229 771 346 830 saeculo
364 790 442 830 nono
460 774 580 831 exeunti
598 773 770 832 attribuunt.
802 773 949 850 specimen
968 775 1128 852 scripturae
1146 777 1213 832 eius

119 856 269 916 dederunt
285 855 407 915 Ellisius
424 855 463 914 ad
480 876 509 934 p.
525 857 587 915 100
605 855 649 917 ed.
664 857 715 916 alt.
730 866 759 917 et
772 857 963 917 Chatelanius
980 858 1213 918 l.e.nh.X1v.

120 943 172 1001 cui
189 941 284 1002 codici
297 948 411 1000 vetusto
424 945 584 1000 maximam
600 945 633 1000 in
650 942 828 1002 recensendo
842 942 1031 1020 epithalamio
1042 943 1216 1004 Catullinus

120 1029 327 1086 anctoritatem
349 1044 413 1085 esse
435 1033 664 1086 consentaneum
686 1035 736 1086 est.
773 1031 939 1105 conparatis
960 1037 1059 1088 autem
1080 1031 1158 1088 inter
1180 1049 1215 1088 se

119 1111 194 1172 libri
212 1112 240 1169 Τ
258 1118 288 1170 et
305 1110 506 1189 exemplorum
520 1129 558 1170 ex
570 1113 599 1171 V
614 1110 806 1171 deductorum
822 1112 895 1172 locis
912 1113 1060 1172 lacunosis
1077 1114 1210 1173 lectioni·

119 1197 237 1275 busque
259 1199 301 1255 eis
323 1215 399 1274 quae
421 1195 534 1274 aliquid
555 1197 623 1254 vitii
645 1203 855 1256 contraxerunt
877 1197 967 1257 facile
989 1202 1164 1277 perspicitur
1181 1200 1213 1258 V

121 1289 154 1340 et
171 1282 200 1339 Τ
217 1284 288 1353 sive,
306 1289 340 1339 ut
352 1285 517 1339 accuratius
534 1280 646 1360 loquar,
665 1281 733 1340 libri
747 1283 774 1339 T
788 1301 853 1340 eam
870 1291 984 1360 partem
1002 1302 1077 1362 quae
1099 1283 1213 1343 Catulli

121 1388 149 1426 c.
167 1365 262 1425 LXII
283 1367 414 1424 continet
438 1383 478 1424 ex
505 1385 564 1425 uno
591 1366 749 1445 eodemque
776 1367 935 1446 archetypo
962 1367 1091 1428 fluxisse.
1131 1367 1211 1446 quod

121 1452 307 1528 archetypon
333 1457 402 1508 sunt
427 1453 477 1528 qui
500 1453 533 1508 in
556 1449 657 1510 Gallia
684 1453 753 1510 olim
776 1450 963 1511 adservatum
989 1453 1080 1512 fuisse
1105 1461 1212 1532 putent

119 1542 281 1615 propterea
315 1537 385 1613 quia
419 1535 591 1612 anthologia
620 1540 783 1596 carminum
812 1536 987 1596 Latinorum
1017 1557 1093 1617 quae
1126 1539 1216 1597 libris-

119 1621 270 1680 Thnaneo
297 1627 326 1678 et
352 1619 572 1679 Sannazariano
598 1629 836 1700 repraesentatur
861 1624 893 1679 in
918 1621 971 1680 illa
992 1629 1070 1681 terra
1092 1623 1216 1683 videtur

121 1707 277 1783 conposita
298 1722 369 1764 esse.
414 1712 564 1765 attamen
585 1706 641 1765 hoc
663 1707 701 1765 ad
723 1709 809 1765 istam
831 1709 1001 1784 opinionem
1026 1708 1209 1786 probandam

120 1793 245 1850 minime
267 1789 384 1850 sufficit.
420 1808 496 1868 quae
516 1789 583 1869 plus
605 1810 676 1850 sane
698 1792 875 1851 firmamenti
901 1792 1030 1866 haberet,
1059 1795 1085 1851 si
1105 1813 1213 1852 verum

85 1919 89 1927 -
123 1883 202 1936 esset
218 1874 297 1955 quod
315 1874 461 1951 Georgius
477 1876 617 1951 Voigtius
634 1879 666 1934 in
683 1875 759 1935 libro
782 1879 834 1955 qui
855 1877 1025 1936 inscribitur
1048 1877 1109 1937 ‘die
1127 1879 1208 1938 Wie-

124 1960 328 2036 derbelebung
349 1959 400 2019 des
427 1960 605 2019 classischen
626 1959 832 2035 Alterthums’,
854 1969 875 2020 t.
897 1961 940 2034 II,
962 1982 990 2040 p.
1011 1962 1071 2020 335
1094 1962 1140 2022 ed.
1158 1964 1213 2022 alt,

122 2053 233 2118 narrat,
252 2045 410 2105 Servatum
423 2044 550 2122 Lupum,
569 2045 686 2104 doctum
704 2044 841 2104 abbatem
855 2045 976 2105 Gallum
989 2047 1214 2108 Ferrariensem.

124 2131 241 2192 saeculo
264 2150 342 2189 nono
365 2131 523 2201 viventem,
551 2133 670 2206 cognita
691 2129 830 2190 habuisse
849 2129 960 2188 Catulli
981 2133 1120 2190 carmina.
1156 2132 1208 2191 sed

122 2217 173 2275 hic
189 2218 280 2274 mirus
299 2234 377 2274 error
394 2221 438 2274 est
455 2213 622 2274 confutatus
635 2234 654 2272 a
666 2214 820 2274 Schwabio
834 2215 965 2274 Hermae
976 2222 997 2273 t.
1007 2216 1079 2286 XX,
1093 2237 1121 2294 p,
1136 2217 1207 2276 495.

122 2304 225 2382 itaque
246 2299 429 2378 probabilius
451 2297 586 2358 videmur
607 2307 735 2359 statuere
753 2300 841 2358 etiam
863 2301 1045 2380 archetypon
1066 2301 1214 2361 librorum

121 2387 152 2446 Τ
171 2393 200 2446 et
216 2385 245 2444 V
262 2387 295 2443 in
311 2387 408 2462 patria
424 2383 497 2444 urbe
514 2392 618 2463 poetae
635 2386 794 2462 repositum
810 2384 910 2445 fuisse.

189 2470 329 2549 Superest
350 2476 384 2528 ut
405 2468 442 2528 de
463 2471 576 2530 ratione
598 2469 736 2528 editionis
758 2478 876 2530 nostrae
897 2475 999 2549 paucis
1017 2490 1213 2550 exponamus„

124 2576 192 2618 cum
213 2557 357 2616 recentior
379 2561 460 2614 aetas
480 2561 539 2615 tres
561 2555 661 2614 tulerit
683 2557 845 2615 carminum
863 2555 975 2616 Catulli
994 2555 1137 2618 editiones
1156 2557 1206 2616 ad-

123 2649 230 2722 paratu
252 2642 353 2700 critico
374 2643 540 2713 instructas,
564 2639 711 2700 Schwabii
738 2648 767 2700 et
787 2641 962 2701 Baehrensii
983 2643 1016 2700 in
1038 2641 1214 2716 Germania,

122 2726 223 2786 Ellisii
254 2727 285 2784 in
310 2726 475 2796 Britannia,
507 2744 632 2804 cumque
656 2725 785 2803 plurima
810 2726 945 2785 codicum
971 2725 1210 2786 Catullianorum

115 2811 233 2872 menda
254 2809 306 2869 diu
328 2812 371 2867 ita
388 2815 519 2868 correcta
535 2811 595 2868 sint
615 2817 649 2868 ut
667 2809 704 2868 de
721 2830 810 2869 manu
827 2819 933 2890 poetae
949 2811 1032 2869 nulla
1048 2820 1138 2871 restet
1155 2811 1208 2869 du·

123 2897 238 2968 bitatio,
260 2914 365 2974 parum
387 2911 403 2952 e
424 2912 456 2952 re
478 2913 540 2954 esse
563 2893 700 2954 duximus
721 2897 753 2953 in
774 2895 830 2954 hac
854 2890 983 2955 editione
1005 2915 1213 2974 quaecumque

122 2989 241 3062 praeter
264 2980 406 3038 librorum
427 2977 517 3036 fidem
539 2981 647 3057 scripta
669 2987 737 3037 sunt
759 2981 859 3038 omnia
876 2978 1025 3051 adnotare,
1048 2979 1100 3040 sed
1117 3001 1208 3039 unam

122 3068 254 3147 priorum
271 3063 432 3123 editionum
448 3082 502 3140 pro
519 3061 711 3123 fundamento
729 3082 793 3123 esse
809 3064 956 3123 voluimus
974 3067 1068 3123 textui
1086 3085 1104 3122 a
1120 3066 1212 3124 nobis

124 3151 282 3212 constituto
301 3147 502 3226 elegimusque
518 3155 552 3206 ut
564 3148 603 3206 ad
621 3167 685 3207 eam
702 3166 764 3207 rem
777 3151 907 3207 omnium
922 3151 1050 3208 maxime
1067 3149 1203 3210 idoneam

124 3234 264 3297 subtilem
299 3241 328 3292 ct
362 3233 602 3310 circumspectam
640 3234 744 3292 horum
778 3235 940 3292 carminum
975 3236 1212 3311 recognitionem

122 3321 262 3382 Mauricii
279 3319 415 3396 Hauptii,
437 3338 527 3397 quam
544 3320 576 3376 in
593 3321 763 3378 universum
780 3336 818 3376 ex
835 3318 1020 3377 Lachmanni
1036 3321 1207 3381 recensione

122 3404 254 3486 pendere
278 3412 381 3482 notum
403 3411 455 3462 est.
499 3403 669 3482 etquidem
691 3405 737 3462 usi
759 3423 859 3462 snmus
881 3403 1010 3464 editione
1036 3407 1098 3464 eius
1119 3410 1210 3466 tertia

122 3492 244 3570 Lipsiae
259 3510 284 3549 a.
300 3489 381 3546 1868
396 3489 510 3560 emissa,
528 3488 556 3546 h.
570 3507 593 3548 e.
608 3489 711 3547 ultima
729 3508 817 3567 quam
834 3491 898 3567 ipse
914 3489 1065 3568 Hauptius
1083 3495 1206 3550 curavit.

119 3595 161 3637 ea
186 3576 223 3635 ab
251 3575 351 3648 ultera,
379 3591 456 3652 quae
482 3593 507 3632 a.
533 3574 613 3632 1861
642 3572 758 3653 prodiit,
786 3573 976 3652 conpluribus
1001 3575 1073 3634 locis
1100 3575 1207 3634 differt.

124 3660 206 3721 velut
227 3664 260 3719 in
281 3661 345 3738 ipso
364 3660 494 3717 carmine
510 3659 527 3718 I
543 3657 668 3718 lacunae
690 3658 760 3717 olim
782 3679 848 3718 cum
865 3660 1057 3719 Lachmanno
1079 3667 1212 3720 statutae

123 3746 173 3805 hic
189 3753 268 3806 recte
284 3743 458 3822 inprobatae
476 3750 551 3816 sunt,
576 3745 733 3823 versuique
752 3745 770 3800 9
789 3743 930 3804 derelicta
945 3745 1015 3805 libri
1031 3744 1061 3802 D
1079 3744 1212 3804 lectione·

125 3834 242 3908 signum
259 3829 479 3908 depravationis
497 3836 541 3888 est
557 3827 732 3906 adpositum.
768 3850 834 3888 cnm
851 3832 938 3889 tertia
954 3829 1135 3908 plerumque,
1154 3829 1207 3889 sed

124 3936 185 3976 non
207 3917 326 3974 omnino
349 3915 536 3974 consentiunt
557 3913 700 3974 editiones
727 3922 832 3993 quarta
853 3922 883 3974 et
905 3916 1015 3993 quinta,
1043 3933 1119 3993 quae
1140 3923 1208 3993 post

126 4001 238 4061 obitum
263 4001 390 4077 Hauptii
420 4001 506 4058 annis
538 4000 619 4057 1879
651 4007 681 4058 et
712 4000 794 4057 1885
826 3999 998 4077 prodierunt
1024 4007 1142 4059 curatae
1168 4000 1212 4058 ab·

125 4086 260 4146 Iohanne
272 4083 416 4144 Vahleno.
446 4086 499 4164 qui
516 4104 591 4157 eum,
608 4090 642 4143 ut
658 4104 713 4162 par
730 4091 780 4156 est,
800 4083 927 4143 alienam
945 4103 1064 4162 operam
1082 4086 1209 4144 nimiunn

125 4175 170 4231 sni
190 4169 361 4230 dissimilem
377 4170 442 4229 fieri
460 4168 559 4243 nollet,
576 4189 672 4247 pauca
688 4176 788 4228 tamen
804 4171 927 4230 novavit
944 4172 1006 4230 sive
1024 4177 1151 4249 spretam
1169 4171 1213 4230 ab
