2954 4990
513 391 741 434 Paeaneomorta
1101 390 1174 432 mx

82 514 208 591 accepit.
244 514 360 591 quaerit
386 512 465 570 enirn
490 514 618 589 primum
640 509 712 590 quid
738 515 830 587 agant
855 527 984 589 numque
1009 508 1175 589 paullulum

84 597 162 656 lucri
178 596 261 656 illinc
277 598 500 674 reportaverint,
524 594 630 655 deinde
647 614 697 655 eos
717 598 784 675 pari
802 595 893 656 fuisse
915 615 985 654 casu
1006 598 1039 654 in
1055 594 1174 656 Pisonis

83 682 214 753 cohorte,
241 689 330 761 atque
356 683 420 759 ipse
445 683 478 739 in
500 682 641 752 Memmii,
669 683 841 759 suspicatur.
876 682 1074 759 nequeenim
1096 685 1175 739 recte

84 767 236 826 Brunerus
254 787 282 845 p.
299 767 359 824 635
376 784 434 824 ev.
450 767 488 822 11
508 764 653 824 conclusit
669 773 786 844 poetam
803 767 914 824 amicos
930 767 990 823 iarn
1006 771 1174 845 praesentes

85 851 224 911 salutare.
260 854 351 922 immo
370 849 514 923 Catullus,
537 857 570 910 ut
587 852 775 929 insequentia
795 850 888 910 verba
904 849 1114 922 demonstrant,
1137 867 1175 908 ex

83 938 130 997 oie
147 934 350 995 tantummodo
372 954 449 1014 quae
470 936 533 1014 ipse
553 935 667 994 Romae
689 934 726 994 de
747 935 858 995 Pisone
878 937 912 994 in
933 934 1036 995 urbem
1057 953 1175 994 reverso

85 1020 297 1080 animadvertit
322 1019 398 1078 nihil
423 1018 490 1078 illos
511 1022 544 1078 in
566 1020 622 1078 hoc
648 1022 788 1078 comitatu
813 1019 940 1080 lucratos
964 1039 1026 1080 esse
1053 1019 1175 1096 colligit.

83 1107 196 1184 itaque,
215 1125 281 1164 cum
297 1107 383 1164 initio
402 1106 539 1163 carminis
557 1106 666 1163 amicos
684 1104 833 1164 cohortem
846 1107 967 1164 inanem
979 1112 1067 1164 vocat
1085 1105 1175 1182 ‘aptIs

84 1189 243 1250 sarcinulis
262 1197 291 1250 et
308 1189 476 1268 expeditis',
496 1208 545 1248 eos
564 1187 703 1250 describit
719 1191 761 1247 ita
778 1197 811 1247 ut
827 1189 923 1248 Roma
938 1192 972 1248 in
993 1191 1177 1268 provinciam

85 1275 239 1346 abeuntes,
262 1295 323 1333 non
340 1273 412 1332 inde
428 1272 585 1333 redeuntes
601 1277 765 1353 conspexit.
801 1273 988 1333 statuendum
1010 1281 1056 1334 est
1076 1276 1175 1349 igitur,

83 1359 335 1439 quemadmodum
349 1357 483 1418 Catullus
497 1377 514 1417 e
525 1361 764 1436 peregrinatione
776 1358 934 1431 Bithynico
947 1361 1074 1436 primum
1085 1360 1176 1419 Vero

85 1464 157 1504 nam
174 1443 323 1522 profectus
340 1451 392 1516 est,
416 1445 458 1502 sic
474 1443 636 1502 Veranium
654 1462 770 1522 quoque
788 1451 818 1502 et
833 1442 995 1503 Fabullum
1011 1461 1049 1504 ex
1070 1445 1176 1502 itinere

84 1528 223 1601 reduces,
250 1530 421 1607 priusquam
447 1528 571 1586 Romam
596 1529 746 1598 venirent,
777 1529 903 1606 patriam
928 1527 1032 1588 urbem
1058 1527 1175 1588 adiisse

83 1633 162 1693 quos
189 1621 218 1672 et
242 1615 322 1693 ipsos
355 1611 446 1672 fuisse
475 1612 673 1691 provinciales
704 1611 793 1672 facile
823 1612 881 1674 sibi
909 1611 1099 1691 persuadebit
1124 1615 1177 1692 qui

84 1720 111 1758 c.
130 1698 283 1769 XXVHI,
307 1697 386 1777 quod
402 1704 519 1776 poetam
537 1698 632 1756 Roma
652 1698 695 1756 sis
713 1697 831 1756 obviam
852 1699 968 1758 misisse
990 1705 1101 1758 certum
1124 1705 1175 1770 est,

87 1803 155 1843 cum
177 1783 355 1843 carminibus
376 1782 426 1842 IX
448 1789 477 1842 et
497 1782 580 1840 XIII
602 1784 667 1842 sine
688 1782 779 1842 dubio
800 1781 904 1842 itidem
925 1782 1039 1843 Rornae
1061 1787 1176 1862 scriptis

85 1867 269 1946 conparabit,
287 1887 344 1928 nec
361 1867 547 1946 inprobabile
564 1874 609 1926 est
626 1885 675 1926 eos
688 1868 825 1926 Veronae
842 1875 894 1925 aut
909 1871 942 1926 iu
959 1870 1058 1928 vicino
1076 1869 1176 1948 aliquo

87 1952 206 2012 Galliae
228 1952 389 2032 cisalpinae
415 1951 523 2031 oppido
550 1959 635 2010 natos
661 1950 760 2012 tuisse.
796 1972 865 2011 nam
887 1953 1011 2013 Veranii
1032 1952 1177 2012 familiam

87 2036 224 2098 Catullus
250 2037 327 2096 bene
357 2055 443 2096 nosse
469 2035 587 2096 videtur
612 2031 700 2111 (conf.
728 2057 752 2096 c.
779 2037 827 2095 IX
854 2032 900 2110 4),
926 2039 1177 2118 inveniunturque

85 2122 244 2190 mulierum
261 2125 384 2181 nomina
393 2121 554 2181 .‘Verauia’
573 2128 602 2180 st
620 2120 772 2180 ‘Fabulla’
786 2123 819 2180 in
831 2122 1073 2199 inscriptionibus
1085 2123 1177 2184 Vero·

86 2208 230 2268 ne'nsibus
256 2206 303 2281 (C.
330 2207 355 2265 I.
382 2205 417 2264 L.
444 2206 480 2279 V,
510 2209 537 2279 1,
564 2227 593 2265 n.
621 2205 704 2264 3787
732 2213 761 2266 et
787 2207 884 2279 3441,
912 2205 953 2284 4).
998 2205 1051 2266 sed
1079 2213 1113 2264 ut
1138 2206 1178 2268 ad

85 2313 112 2351 c.
131 2291 274 2350 XXVIII
290 2290 452 2364 redeamus,
474 2290 603 2370 produnt
623 2289 657 2350 hi
678 2291 817 2350 versiculi
838 2290 926 2350 simul
947 2300 1007 2352 tam
1029 2299 1176 2352 recentem

84 2380 163 2436 iram
180 2379 212 2435 in
224 2377 396 2435 Memmium
412 2383 447 2435 ut
464 2375 593 2435 dubitari
609 2383 738 2453 nequeat
754 2377 827 2455 quin
844 2376 948 2436 eodem
964 2375 1027 2436 fers
1043 2384 1174 2455 tempore

86 2471 177 2541 atque
196 2481 220 2520 c.
237 2462 277 2534 X,
299 2465 332 2520 in
351 2481 408 2540 quo
425 2481 454 2522 v.
476 2465 514 2520 12
530 2481 551 2520 s.
571 2461 721 2520 simillima
737 2463 770 2521 in
790 2461 876 2529 illum
898 2462 1056 2540 opprobria
1073 2462 1176 2540 legun·

86 2555 144 2619 tur,
164 2549 266 2625 scripti
283 2549 350 2620 sint,
369 2547 397 2605 h.
416 2565 441 2606 e.
459 2567 521 2606 non
538 2546 662 2606 multum
679 2553 746 2624 post
760 2543 871 2606 Catulli
889 2567 928 2606 ex
940 2547 1084 2627 Bithynia
1100 2547 1177 2608 redi-
1203 2550 1207 2559 '

85 2641 151 2690 tum
166 2635 231 2711 ipso
253 2634 342 2690 etiam
359 2652 439 2690 anno
457 2627 581 2706 eaesae.
616 2631 696 2710 quod
717 2633 842 2692 sirecte
864 2650 896 2692 se
917 2632 1020 2706 habet,
1043 2635 1175 2712 sequitur

85 2725 122 2776 ut
138 2717 283 2776 Veranius
301 2724 331 2776 et
347 2716 491 2776 Fabullus
509 2716 612 2776 eodem
634 2736 713 2776 anno
737 2736 804 2775 cum
820 2716 939 2790 Pisone,
963 2738 1021 2797 quo
1039 2718 1174 2778 Catullus

86 2822 154 2860 cum
173 2802 320 2873 Memmio,
342 2803 375 2859 in
391 2803 546 2879 provincia
562 2804 673 2861 versati
694 2803 753 2859 sint
770 2801 931 2881 eodemque
953 2801 1014 2862 fere
1036 2808 1174 2880 tempore,

85 2888 144 2946 etsi
160 2885 260 2965 paullo
278 2885 330 2943 illo
347 2884 469 2958 tardius,
487 2885 557 2946 inde
574 2885 760 2946 decesserint.
787 2905 934 2966 quaenam
951 2888 1007 2945 ista
1022 2887 1177 2964 provincia

86 2971 179 3030 fuerit
195 2989 212 3028 e
230 2989 254 3028 a
266 2969 410 3028 XXVIII
422 2989 483 3028 non
499 2972 682 3049 perspicitur.
704 2969 762 3052 sed
779 2990 847 3030 cum
861 2991 884 3030 c.
898 2970 965 3028 XII
980 2971 1020 3028 14
1033 2990 1070 3030 ss.
1087 2977 1176 3050 poeta
1210 2965 1211 2970 '

83 3053 249 3115 Fabullum
270 3060 301 3112 et
320 3054 484 3113 Veranium
510 3054 628 3113 sudaria
650 3054 779 3114 Saetaba
804 3073 843 3114 ex
868 3054 989 3114 Hiberis
1015 3055 1072 3114 eibi
1099 3055 1175 3114 dono

85 3141 203 3200 misisse
221 3136 308 3211 dicat,
326 3137 464 3217 idemque
481 3158 504 3196 c.
522 3139 572 3197 IX
590 3142 608 3197 6
623 3159 644 3198 s.
663 3139 787 3198 Veranii
804 3140 851 3198 sui
868 3158 973 3200 suaves
991 3138 1028 3199 de
1046 3159 1082 3199 ea
1098 3147 1176 3199 terra

85 3225 358 3306 narrationes-eum
376 3222 520 3282 desiderio
542 3230 685 3302 expectet,
708 3225 772 3282 iure
793 3223 863 3282 hinc
884 3223 1023 3300 colligere
1040 3224 1177 3285 videmur

87 3311 199 3368 amicos
218 3307 329 3368 Catulli
346 3308 485 3366 Pisonem
503 3310 535 3366 in
552 3309 731 3386 Hispaniam
748 3315 863 3368 secutos
880 3327 952 3381 esse,
971 3309 1176 3390 malumusque

88 3394 126 3454 de
143 3394 292 3472 Hispania
309 3395 441 3453 citeriore
459 3396 597 3470 cogitare,
615 3393 667 3453 ubi
679 3393 814 3454 Saetabis
831 3393 972 3472 oppidum
988 3394 1043 3454 lini
1061 3396 1176 3455 cultura

88 3478 204 3538 celebre
223 3481 311 3538 situm
328 3485 399 3538 erat.
426 3499 513 3558 quam
527 3481 711 3559 provinciam
725 3498 751 3537 a.
766 3473 880 3556 697l57
894 3480 1035 3540 Pisonem
1048 3481 1176 3560 aliquem

87 3583 142 3645 pro
167 3571 302 3641 praetore
328 3562 549 3623 administrasse
579 3564 662 3623 nullo
688 3563 878 3624 confirmatur
906 3567 1083 3626 testimonio.
1123 3566 1176 3628 sed

88 3647 207 3719 sufficit,
231 3647 327 3720 credo,
350 3668 388 3708 ne
411 3649 502 3707 alium
519 3648 638 3728 quidem
659 3651 777 3709 novisse
799 3651 851 3730 qui
866 3649 1045 3730 Hispaniam
1062 3652 1176 3710 citerio-

87 3752 151 3792 rem
168 3741 231 3792 tum
251 3735 392 3811 temporis
413 3734 581 3807 obtinuerit,
604 3753 729 3812 cumque
751 3754 811 3794 non
833 3753 933 3794 omnes
956 3742 1035 3796 certe
1051 3735 1178 3796 Pisones

88 3817 176 3878 nobis
196 3821 230 3876 in
251 3821 386 3877 notitiam
404 3821 553 3891 venerint,
585 3818 689 3898 quidni
707 3818 836 3898 abquem
852 3819 890 3880 de
908 3839 944 3880 ea
964 3819 1077 3878 familia
1094 3818 1177 3880 illam
1232 3870 1237 3884 .

87 3904 273 3984 provinciam
296 3921 330 3963 eo
348 3923 436 3983 quern
457 3903 587 3964 diximus
608 3923 687 3964 anno
708 3906 822 3964 rexisse
843 3923 860 3964 e
878 3904 996 3964 Catullo
1019 3904 1177 3964 concluda-

87 3987 175 4048 mus?
197 3990 279 4048 cuius
302 3989 482 4048 carminibus
505 3991 531 4048 si
548 3987 680 4048 destituti
702 4007 843 4061 essemus,
866 4007 906 4049 ne
922 3991 1095 4048 Memmium
1113 3991 1179 4069 qui-

88 4073 157 4133 dem
174 4073 340 4152 praesidem
352 4074 513 4153 Bithyniae
530 4073 621 4132 fuisse
639 4075 788 4142 sciremus.
818 4074 892 4134 haec
905 4082 950 4134 est
963 4074 1089 4136 Bruneri
1106 4095 1178 4154 quo·

86 4177 147 4240 que
167 4179 196 4237 p.
215 4160 277 4218 636
300 4162 455 4220 sententia.
491 4168 593 4219 contra
612 4158 863 4236 Iungclauassuus
884 4179 913 4238 p.
933 4160 974 4218 20
995 4179 1062 4220 cum
1083 4179 1177 4242 eoque

139 4255 234 4297 caturca
985 4257 1007 4297 u
