2954 4990
122 2833 143 2872 χ

144 2876 176 2919 χ’Ἀ

281 377 308 415 1
719 372 945 416 Pssoaneouana

286 492 388 552 adnot.
409 493 517 552 critica.
548 510 644 570 neque
662 491 773 550 Lesbia
790 491 845 550 hac
863 494 1080 571 opportunitate
1099 493 1155 552 sibi
1173 501 1206 551 ut
1222 499 1376 552 matronae

282 576 442 638 commoda
463 578 507 635 uti
529 577 632 636 noluit.
668 579 727 635 iam
746 575 880 656 Catullus
899 580 960 636 voti
978 577 1097 636 tandem
1115 598 1233 656 compos
1250 578 1375 638 felicita·

284 671 346 723 tem
372 683 455 721 suam
481 661 685 740 pulcherrimis
713 663 891 721 carminibus
908 663 988 740 Vel
1004 663 1066 721 VII
1089 665 1236 742 exprimit.
1271 682 1374 722 verum

281 757 416 826 tempore
436 747 536 825 aliquo
558 747 755 825 praeterlapso
773 747 883 807 Lesbia
901 747 938 806 ab
960 747 1013 805 illo
1035 766 1097 806 sese
1120 750 1253 820 removit,
1277 766 1374 827 neque

284 842 385 892 tamen
401 832 525 892 fortasse
543 850 577 890 eo
596 831 770 890 consiliant
793 832 859 891 aliis
877 832 1057 891 amatoribus
1079 851 1111 892 se
1133 832 1260 892 dederet
1295 839 1374 892 certe

284 927 373 998 poeta
390 938 458 977 cum
476 936 499 974 c.
517 917 606 989 VIII,
626 916 705 996 quod
722 917 762 975 ad
783 917 861 976 hanc
877 917 994 996 puellae
1016 917 1054 976 ab
1077 919 1141 996 ipso
1164 918 1373 978 alienationem

282 1005 424 1084 pertinet,
447 1002 655 1074 conscriberet,
675 1001 807 1062 nondum
825 1002 886 1060 ullo
908 1002 995 1062 modo
1013 1002 1050 1062 de
1071 1002 1196 1082 perfidia
1212 1005 1276 1062 eius
1294 1004 1372 1081 cogi-

280 1089 380 1161 tabat,
409 1095 443 1145 ut
463 1107 565 1146 versus
589 1088 713 1146 14-18
735 1087 849 1167 liquido
871 1087 1080 1147 demonstrant.
1115 1087 1221 1167 quodsi
1243 1089 1309 1167 quis
1333 1087 1373 1146 ad
1460 1095 1461 1114 ¹

282 1176 393 1253 primos
417 1173 554 1231 carminis
577 1172 606 1231 V
627 1173 786 1232 versiculos
809 1173 940 1231 a'nimum
962 1171 1129 1246 intenderit,
1152 1192 1186 1232 eo
1208 1174 1307 1251 potius
1328 1175 1372 1232 in·

283 1259 408 1318 clinabit
433 1265 466 1315 ut
485 1257 625 1316 Lesbiam
650 1258 815 1317 rumoribus
838 1256 1015 1337 quibusdam
1037 1256 1074 1316 de
1099 1261 1207 1316 suain
1233 1260 1372 1316 maritum

186 1379 188 1384 ·
282 1343 460 1403 infidelitate
477 1345 610 1401 territam
626 1361 689 1402 esse
708 1349 759 1401 aut
780 1345 887 1402 amoris
906 1342 1017 1402 Catulli
1038 1349 1203 1420 pertaesum
1221 1363 1319 1402 coram
1336 1362 1370 1401 eo

282 1430 342 1489 tale
359 1427 432 1508 quid
450 1427 603 1487 simulasse
620 1435 738 1486 statuat.
764 1429 843 1487 inter
859 1427 914 1486 hoc
933 1426 1088 1486 discidium
1105 1427 1223 1486 videtur
1241 1448 1265 1487 c.
1278 1426 1372 1487 XCII

276 1517 423 1592 scriptum
441 1531 512 1572 esse.
540 1511 620 1590 quod
637 1531 675 1571 ne
693 1511 796 1571 eodem
813 1520 945 1591 tempore
962 1533 1020 1591 quo
1035 1533 1059 1572 c.
1073 1512 1247 1571 LXXXIII
1260 1513 1371 1572 factum

282 1607 392 1679 putem,
419 1599 484 1675 ipsa
506 1599 674 1672 argumenti
696 1600 898 1673 congruentia,
924 1605 1154 1676 propterquam
1176 1596 1309 1677 plerique
1332 1597 1371 1656 ad
1461 1625 1462 1678 ι

281 1686 360 1742 banc
378 1683 547 1761 opinionem
561 1680 680 1740 deducti
698 1689 774 1754 sunt,
792 1701 839 1741 me
857 1682 999 1758 prohibet.
1027 1702 1123 1761 neque
1136 1681 1168 1740 id
1180 1686 1213 1740 in
1224 1684 1370 1760 posterius

276 1767 357 1827 'illud
373 1776 489 1845 tempus
503 1766 631 1845 quadrat
647 1769 695 1824 cui
710 1787 734 1826 c.
748 1766 900 1826 LXXXV
912 1775 1085 1844 argumento
1104 1767 1207 1839 simile,
1227 1767 1279 1826 sed
1291 1767 1371 1847 quod

280 1853 374 1913 multo
391 1852 627 1913 vehementiores
644 1854 737 1912 animi
755 1860 851 1911 motus
872 1852 1055 1926 testificetur,
1079 1851 1299 1911 attribuendum
1318 1860 1368 1912 est.

275 1959 352 1998 mam
377 1937 469 1996 verba
492 1936 644 2015 ‘deprecor
669 1937 751 1995 illam
773 1936 930 2010 Adsidue,'
958 1956 1034 2016 quae
1060 1937 1158 1996 verbis
1181 1937 1303 1997 ‘Lesbia
1328 1939 1370 1996 mi

279 2024 354 2084 dicit
380 2041 494 2101 semper
520 2022 620 2094 male',
647 2029 681 2082 ut
706 2025 766 2080 iam
794 2022 908 2082 Gellius
936 2023 998 2082 VII
1022 2024 1060 2081 16
1087 2022 1188 2080 1311.
1215 2022 1367 2095 intellexit,

281 2116 418 2170 accurate
435 2107 621 2187 respondent,
640 2128 700 2166 non
717 2115 786 2168 sunt
799 2107 1018 2184 indignabundi
1036 2107 1073 2166 de
1086 2107 1211 2186 perfidia
1228 2107 1368 2182 mulieris,

273 2194 333 2255 sed
350 2193 389 2253 ad
406 2194 506 2253 solitas
524 2193 688 2252 amantium
709 2195 767 2252 iras
789 2195 946 2271 pertinent.
980 2193 1073 2251 nihilo
1097 2195 1194 2252 minus
1216 2194 1370 2252 alienatio·
1462 2211 1463 2228 ι

279 2298 348 2339 nem
372 2299 472 2338 eorum
494 2278 680 2356 aliquantum
699 2279 840 2356 temporis
862 2278 1014 2337 duravisse
1035 2277 1201 2356 putandum
1223 2287 1274 2337 est.
1309 2281 1369 2337 iam

280 2366 360 2424 anim
374 2363 510 2422 Catullus
528 2381 609 2441 spem
627 2366 659 2420 in
677 2365 803 2439 gratiam
818 2383 885 2422 cum
897 2362 1007 2422 Lesbia
1024 2362 1168 2422 redeundi
1185 2361 1367 2442 deposuerat.

279 2457 381 2507 tamen
398 2447 505 2506 fefellit
522 2466 588 2506 cum
607 2450 715 2526 opinio.
751 2447 852 2526 puella
873 2450 1036 2526 insperanti
1058 2447 1134 2507 ultro
1157 2467 1221 2508 sese
1242 2451 1369 2508 restituit

273 2531 317 2609 (c.
338 2530 446 2607 CVII).
473 2532 673 2592 reconciliatio
692 2533 855 2594 amantium
876 2553 900 2593 c.
918 2533 1059 2594 XXXVI
1075 2532 1173 2612 lepide
1192 2533 1367 2608 celebratur,
1463 2563 1464 2602 ι

273 2621 312 2678 ιῑιι
330 2638 388 2696 quo
406 2619 457 2697 qui
474 2638 503 2675 v.
518 2617 537 2674 5
556 2626 754 2676 memorantur
770 2627 868 2678 truces
886 2618 978 2677 iambi
995 2639 1014 2677 a
1031 2626 1119 2696 poeta
1136 2619 1252 2691 vibrati,
1271 2618 1308 2678 da
1326 2622 1368 2677 eis
1463 2673 1464 2676 ,

279 2705 332 2783 qui
357 2702 397 2762 ad
423 2710 555 2761 nostram
577 2709 703 2762 aetatem
729 2713 928 2782 pervenerunt
952 2724 1013 2763 non
1039 2703 1163 2762 dubium
1185 2722 1249 2762 esse
1272 2711 1370 2782 potest

270 2791 352 2869 'quin
374 2807 476 2848 versus
498 2787 688 2866 hipponactei
710 2791 849 2847 carminis
871 2789 951 2849 VIII
974 2789 1167 2866 intellegendi
1190 2791 1257 2847 sint
1287 2788 1369 2847 hand

277 2874 405 2933 multum
421 2880 489 2953 post
504 2875 670 2932 restitutam
687 2874 875 2933 concordiam
891 2873 1024 2934 Catullus
1043 2894 1066 2932 c.
1082 2872 1153 2932 CIV
1170 2874 1202 2931 in
1219 2873 1369 2932 hominem

272 2960 427 3040 ‘quendam
453 2959 605 3017 invehitur
626 2960 678 3038 qui
700 2958 780 3038 quod
802 2961 921 3038 sequius
943 2958 1103 3038 aliqnando
1124 2957 1176 3017 ille
1198 2956 1235 3016 de
1257 2957 1369 3018 Lesbia

277 3045 392 3105 locutus
419 3053 483 3104 erat
507 3046 608 3122 inepte
634 3043 790 3120 evulgasse
816 3043 941 3104 videtur.
981 3047 1013 3102 in
1040 3047 1122 3104 cuius
1148 3045 1368 3122 epigrammatis

271 3149 366 3189 versu
388 3137 519 3189 extremo
542 3129 615 3208 quid
637 3131 676 3188 sit
701 3129 814 3188 ‘omnia
840 3137 971 3190 monstra
993 3129 1079 3188 facis'
1103 3129 1258 3206 conplures
1280 3130 1368 3188 inter-

276 3222 375 3294 pretes
400 3221 622 3292 perspexerunt.
658 3213 710 3275 sed
731 3215 909 3293 Tapponem
934 3215 977 3274 ibi
1003 3222 1263 3273 commemoratum
1288 3212 1369 3294 quod

270 3319 379 3358 omncs
397 3319 450 3376 pro
469 3318 529 3357 uno
553 3318 592 3358 ex
608 3297 758 3358 sodalibus
777 3298 889 3360 Catulli
909 3299 1034 3370 habent,
1057 3298 1199 3357 adsentiri
1221 3319 1281 3358 non
1302 3318 1369 3378 pos-

271 3403 387 3456 sumus,
408 3402 585 3462 quamquam
600 3402 765 3459 cognomen
779 3386 946 3443 Romanum
963 3383 1039 3443 illud
1052 3383 1143 3442 fuisse
1156 3383 1238 3442 haud
1250 3386 1368 3461 ignora·

270 3489 350 3528 mus.
377 3469 536 3546 permirum
563 3475 607 3528 est
628 3470 707 3527 enim
730 3468 809 3548 quod
830 3472 855 3528 is
878 3489 965 3549 quem
990 3477 1079 3547 poeta
1102 3470 1134 3526 in
1155 3468 1211 3529 hoc
1238 3471 1368 3528 carmine

277 3553 442 3632 compellat,
460 3551 514 3612 sed
528 3574 590 3613 non
603 3555 744 3626 nominat,
762 3554 913 3614 levissima
925 3573 1060 3634 quaeque
1077 3554 1176 3613 verbis
1193 3572 1368 3633 exasperare

272 3639 385 3698 dicitur
402 3658 473 3697 cum
495 3637 566 3697 alio
589 3640 799 3698 nominatim
821 3638 956 3712 adlato,
978 3657 1076 3718 neque
1093 3641 1156 3698 eius
1173 3641 1217 3697 rei
1235 3657 1311 3718 quae
1329 3641 1368 3697 sit

272 3727 354 3783 ratio
372 3722 433 3782 ullo
452 3721 539 3782 modo
557 3722 747 3800 intellegitur.
784 3724 887 3784 videor
903 3731 1002 3783 autem
1019 3725 1093 3783 mihi
1110 3723 1143 3782 id
1164 3723 1244 3803 quod
1265 3743 1369 3782 verum

268 3817 321 3869 -est
339 3809 448 3869 emisse
466 3827 522 3887 ope
539 3807 698 3885 fragmenti
716 3810 915 3887 inscriptionis
933 3808 1086 3869 cuiusdam
1099 3807 1243 3868 Vercellis
1259 3810 1369 3886 reperti

276 3903 307 3954 et
319 3916 338 3954 a
351 3893 509 3954 Theodoro
522 3895 705 3953 Mommseno
723 3897 841 3954 tractati
858 3897 891 3954 in
908 3915 1047 3954 consessu
1061 3894 1209 3954 societatis
1222 3892 1367 3953 archaeol

276 3979 373 4038 Berol.
398 3978 446 4038 die
465 3979 517 4040 VI.
536 3980 645 4038 mensis
666 3980 748 4038 Iunii
769 3981 942 4038 anni1882
965 3980 1080 4053 habito,
1104 3978 1141 4038 de
1162 3998 1220 4058 quo
1242 3979 1369 4037 relatum

273 4066 369 4124 estin
386 4065 499 4143 epham.
514 4063 659 4123 archaeol.
672 4072 691 4122 t.
706 4063 775 4134 XL,
795 4065 848 4125 col.
865 4066 934 4124 176.
963 4084 1001 4124 ex
1013 4085 1050 4125 aa
1067 4066 1146 4123 enim
1164 4066 1366 4142 inscriptione,

267 4167 353 4228 quae
376 4149 538 4208 secundnm
564 4149 727 4210 litterarum
754 4150 863 4210 formas
885 4149 1016 4227 Augusti
1041 4147 1223 4228 temporibus
1249 4147 1370 4208 videtur
