2954 4990
535 364 761 408 PROLEGOMENA
1153 366 1196 406 LV

103 493 207 546 tamen
224 504 243 543 a
259 483 368 564 populo
386 502 440 562 per
455 482 677 561 indiligentiam
691 482 874 544 adficeretur.
906 487 968 544 iam
985 487 1011 544 si
1029 487 1197 564 quaerimus

107 591 235 651 quonam
253 590 331 628 anno
350 587 374 628 c.
388 569 465 628 XIV
479 571 620 648 scriptum
633 569 777 642 videatur,
795 573 828 628 in
846 568 916 628 solis
933 569 1027 630 trihus
1045 569 1198 628 versiculis

107 659 211 739 primis
229 653 343 736 aliquid
360 661 405 714 est
421 653 460 712 ad
478 673 544 713 eam
560 673 623 713 rem
635 654 749 726 auxilii,
768 653 821 713 ubi
835 653 969 715 Catullus
985 673 1048 713 sese
1062 653 1197 727 Calvum,

107 744 167 799 nisi
185 759 252 799 eum
268 739 335 819 plus
353 747 464 798 amaret
482 738 574 799 oculis
593 742 661 812 suis,
680 746 800 818 propter
812 759 919 798 munus
936 738 1017 798 istud
1034 738 1198 797 Saturnali-

107 829 188 884 cium
201 825 283 884 ‘odio
292 823 467 883 Vatiniano’
482 843 602 882 osurum
614 822 706 884 fuisse
716 823 859 884 adfirmat.
886 845 946 904 qua
955 823 1076 904 quidem
1084 827 1199 884 ratione

107 917 226 990 poetam
243 908 343 968 odium
357 917 500 989 quantum
517 908 582 969 fieri
597 916 694 988 potest
706 912 869 968 maximum
887 909 1057 986 significare
1070 908 1199 968 voluisse

108 1003 221 1055 certum
239 1003 291 1054 est.
307 1013 423 1074 ,neque
439 998 537 1052 minus
555 1002 667 1053 certum
689 1001 733 1053 est
748 995 865 1054 Vatinii
885 997 919 1053 in
937 993 1064 1055 Calvum
1085 993 1195 1066 odium,

108 1101 179 1153 non,
197 1087 230 1139 ut
243 1073 364 1160 quidam
382 1083 497 1157 opinati
512 1087 588 1152 sunt,
607 1081 740 1138 universi
756 1078 859 1158 populi
876 1086 928 1138 aut
940 1082 1092 1159 utriusque
1108 1081 1198 1137 amici

108 1169 143 1224 in
164 1166 319 1225 Vatinium
346 1163 448 1223 odium
473 1162 621 1240 intellegi,
648 1166 691 1221 ita
716 1171 750 1221 ut
776 1167 922 1223 sententia
945 1164 1105 1238 uerborum
1126 1165 1201 1224 haec

108 1253 160 1310 sit:
185 1249 327 1309 ‘odissem
349 1256 378 1307 te
399 1256 482 1308 tanto
506 1247 573 1307 odio
595 1255 705 1327 quanto
727 1255 758 1307 te
780 1247 842 1306 odit
862 1248 1018 1307 Vatinius)
1055 1252 1097 1306 sic
1120 1252 1201 1307 enim

110 1337 273 1395 rectissime
294 1332 428 1414 procedit
450 1336 552 1404 oratio,
576 1351 671 1412 neque
694 1336 790 1412 aptius
812 1331 943 1412 profecto
966 1336 1123 1413 quicquam
1145 1332 1201 1394 Ca-

108 1419 201 1478 tullus
210 1418 250 1478 ad
264 1423 395 1477 animum
404 1417 627 1477 infestissimum
642 1417 853 1476 declarandum
866 1437 1092 1490 commemorare
1105 1421 1202 1496 potuit

108 1525 201 1584 quam
217 1503 251 1562 id
268 1503 440 1583 odiumque
458 1521 525 1562 reus
542 1507 575 1563 in
592 1509 793 1563 accusatorem
810 1523 895 1562 suum
913 1502 1016 1562 ardere
1030 1502 1111 1562 solet.
1142 1503 1203 1562 Va-

109 1592 220 1648 tinium
237 1596 336 1648 autem
353 1608 414 1647 non
432 1587 530 1661 semel,
553 1587 606 1647 sed
622 1595 668 1648 ter
689 1589 847 1646 minimum
868 1608 887 1646 a
905 1587 998 1648 Calvo
1020 1587 1203 1667 postulatum

109 1693 175 1734 esse
192 1673 280 1733 hodie
296 1694 350 1753 pro
369 1672 520 1752 explorato
539 1680 584 1732 est
599 1673 777 1732 habendum.
813 1680 902 1753 atque
923 1675 955 1731 in
972 1674 1080 1750 vulgus
1098 1680 1203 1733 notum

109 1766 156 1828 est
173 1765 240 1818 cum
257 1779 283 1817 a.
304 1752 418 1837 700s54
436 1757 503 1834 lege
515 1758 634 1818 Licinia
651 1757 688 1816 de
706 1757 856 1817 sodaliciis
875 1779 893 1817 a
910 1757 1004 1818 Calvo
1022 1765 1201 1832 accusatum,

111 1843 164 1904 sed
190 1843 333 1904 Cicerone
359 1842 538 1903 defendente
564 1842 730 1902 absolutum
762 1862 834 1903 esse.
869 1863 974 1903 verum
998 1843 1077 1902 hanc
1105 1862 1203 1923 neque

110 1928 205 1988 solam
221 1948 318 2009 neque
333 1931 461 2008 primam
478 1931 626 1988 actionem
642 1926 733 1988 fuisse
747 1947 763 1988 e
777 1929 877 1987 Taciti
895 1927 964 1987 dial.
980 1927 1017 1987 de
1035 1935 1106 1986 orat.
1122 1948 1145 1986 c.
1161 1929 1202 1986 34

111 2022 187 2073 extr.
202 2015 385 2093 perspicitur,
399 2013 451 2072 ubi
464 2013 555 2072 altero
569 2021 600 2073 et
612 2015 752 2072 vicesimo
766 2016 870 2072 aetatis
884 2033 963 2071 anno
973 2011 1096 2071 Asinius
1105 2012 1203 2071 Pollio

112 2097 147 2158 C.
166 2097 317 2173 Catonem,
341 2098 414 2157 ‘non
435 2097 562 2156 multum
584 2105 681 2158 aetate
702 2097 892 2157 antecedens’
917 2096 1027 2158 Calvus
1048 2097 1204 2156 Vatinium

112 2185 295 2244 orationibus
312 2184 439 2242 insecuti
455 2202 520 2243 esse
538 2182 688 2257 dicuntur;
712 2202 856 2261 quocum
876 2182 941 2240 loco
964 2183 1101 2258 congruit
1123 2184 1205 2241 testi·

112 2271 246 2328 monium
268 2267 447 2341 Quintiliani
468 2267 488 2325 l.
506 2268 573 2327 XII
596 2271 613 2326 6
638 2271 654 2325 1
680 2266 819 2341 Calvum,
843 2265 1013 2340 Caesarem,
1035 2265 1203 2325 Pollionem

112 2353 240 2412 multum
261 2361 332 2413 ante
349 2355 547 2433 quaestoriam
568 2360 703 2425 aetatem,
726 2355 777 2431 qui
799 2359 863 2412 erat
883 2351 1001 2410 illorum
1023 2352 1205 2431 temporibus

113 2459 210 2498 annus
234 2440 313 2498 vitae
335 2441 509 2512 tricesimus,
536 2439 710 2516 gravissima
731 2437 843 2496 iudicia
865 2438 1027 2516 suscepisse
1048 2438 1204 2495 narrantis.

112 2518 187 2584 lraec
213 2522 336 2603 adparet
361 2544 422 2582 non
447 2541 533 2603 posse
559 2523 599 2582 ad
624 2525 839 2583 accusationem
861 2543 950 2602 quam
976 2521 1104 2580 diximus
1131 2523 1205 2580 anni

115 2605 232 2686 7002'54
251 2616 392 2688 spectaro,
412 2611 522 2688 quippe
540 2629 598 2688 quo
613 2607 731 2680 Calvus,
750 2627 838 2687 quem
851 2607 969 2666 Plinius
986 2615 1046 2666 nat.
1060 2607 1127 2666 hist.
1142 2607 1205 2666 VH

114 2695 156 2752 49
173 2695 232 2752 165
249 2693 282 2754 C.
297 2695 392 2753 Mario
408 2692 462 2753 Cn.
478 2691 614 2753 Carbone
627 2695 747 2752 tertium
760 2693 939 2766 consulibus,
957 2692 985 2750 h.
999 2712 1024 2751 e.
1038 2712 1064 2751 a.
1079 2688 1203 2768 672l82,

114 2778 281 2839 antediem
299 2781 435 2858 quintum
451 2778 607 2838 Kalendas
624 2778 728 2837 Iunias
745 2780 879 2854 genitum
897 2796 960 2838 esse
978 2776 1075 2849 refert,
1094 2797 1205 2835 annum

116 2867 221 2924 aetatis
238 2863 499 2922 undetricesimum
521 2865 622 2940 egerit.
658 2862 772 2922 accedit
794 2861 874 2942 quod
891 2862 1014 2920 Tacitus
1032 2861 1101 2919 dial.
1119 2880 1144 2920 c.
1163 2863 1202 2917 21

115 2944 205 3009 Calvi
221 2950 253 3006 in
270 2949 426 3007 Vatinium
447 2950 697 3007 accusationes
719 2967 754 3006 ac
774 2948 934 3026 praecipue
956 2945 1144 3004 secundam
1167 2963 1206 3004 ex

116 3036 160 3094 eis
188 3033 349 3091 orationem
376 3033 409 3089 in
435 3035 566 3091 omnium
591 3031 788 3091 studiosorum
818 3029 954 3089 manibus
981 3031 1093 3088 versari
1119 3028 1204 3103 dicit3

115 3117 198 3177 unde
218 3122 278 3175 tres
299 3117 454 3175 minimum
477 3119 678 3175 accusationes
704 3116 796 3174 fuisse
821 3116 926 3174 merito
954 3113 1110 3191 colligitur.
1144 3114 1205 3173 vid.

115 3200 316 3281 Nipperdeius
334 3220 432 3279 opusc.
449 3221 479 3280 p.
498 3202 560 3261 330
575 3221 596 3262 s.
621 3200 710 3260 fidem
728 3208 827 3260 autem
846 3199 921 3258 mihi
942 3198 1021 3273 fecit,
1044 3199 1114 3259 licet
1135 3201 1207 3270 satis

116 3287 289 3366 neglegenti
323 3286 470 3345 latinitate
499 3287 748 3364 argumentationi
778 3303 849 3344 suae
879 3288 1035 3358 nocuerit,
1059 3283 1206 3362 Georgius

116 3373 302 3434 Matthiesius
320 3378 504 3430 commentat.
523 3371 663 3450 philolog.
682 3373 714 3429 in
730 3370 872 3431 honorem
890 3368 1013 3446 Georgii
1028 3368 1121 3429 Curtii
1139 3390 1207 3428 con·

116 3461 294 3536 scriptarum
313 3477 342 3536 p.
363 3457 423 3515 108
437 3477 485 3530 sa,
502 3458 656 3517 Vatinium
678 3477 705 3515 a.
725 3451 838 3534 698156
861 3476 880 3514 5
902 3453 996 3515 Calvo
1017 3455 1084 3532 lege
1105 3454 1208 3514 Tullia

118 3543 157 3604 de
174 3541 288 3601 ambitu
304 3541 485 3621 postulatum
503 3561 575 3603 esse.
601 3543 660 3600 nisi
678 3541 757 3621 quod
774 3542 852 3600 hanc
870 3542 1086 3600 accusationem
1105 3559 1209 3600 secun-

118 3628 188 3687 dam
205 3634 295 3707 atque
318 3629 449 3686 omnium
468 3627 660 3686 clarissimam
681 3627 773 3686 fuisse
794 3646 855 3685 non
873 3625 1004 3685 adducor
1026 3634 1059 3683 ut
1081 3624 1208 3697 credam,

118 3713 335 3792 falsissimaque
349 3720 427 3770 certe
441 3712 629 3772 Matthiesius
643 3712 681 3770 ad
695 3731 759 3772 eam
778 3712 856 3772 inter
869 3710 929 3770 alia
943 3710 1030 3770 Calvi
1043 3712 1209 3770 orationum

118 3799 151 3857 in
168 3798 324 3857 Vatinium
347 3796 516 3874 fragmenta
539 3800 628 3857 etiam
645 3797 721 3856 illud
743 3817 761 3855 a
779 3795 966 3870 Quintiliano
984 3795 1032 3854 IX
1052 3797 1070 3851 2
1090 3795 1128 3852 25
1147 3793 1211 3852 lau·

119 3883 221 3942 datum
238 3881 360 3953 rettulit,
380 3882 521 3962 ‘perfrica
538 3882 665 3942 frontem
682 3890 712 3942 et
725 3882 772 3962 dic
789 3890 819 3942 te
832 3881 1007 3958 digniorem,
1026 3881 1078 3958 qui
1094 3885 1213 3958 praetor

119 3968 213 4041 fieres,
232 3987 321 4047 quam
336 3965 493 4027 Catonem'
512 3965 553 4043 (v.
572 3974 643 4026 orat.
656 3969 741 4027 Rom.
760 3966 866 4044 fragm.
885 3967 923 4025 ab
941 3966 980 4024 H.
994 3967 1118 4043 Meyero
1135 3962 1212 4036 coli,

119 4074 148 4132 p.
168 4053 229 4110 477
249 4051 294 4112 ed.
314 4049 395 4129 alt.);
420 4071 497 4133 quae
514 4051 634 4133 quidem
654 4053 748 4111 verba
769 4054 802 4111 in
818 4052 974 4112 Vatinium
997 4057 1135 4129 praetura
1152 4050 1215 4107 iam

117 4137 308 4224 perfunctum
327 4137 406 4197 dicta
424 4157 487 4200 esso
501 4139 707 4198 coniunctivae
721 4139 803 4210 fieres
817 4135 1005 4196 demonstrat.
1033 4137 1133 4215 itaque
1148 4154 1219 4206 cum
