2968 4990
266 369 333 412 xcn
702 366 930 410 protasome

268 489 381 547 Birtius
403 502 519 566 quoque
538 504 568 564 p.
586 483 648 544 408
673 485 711 544 ad
732 491 907 562 argumenta
928 487 1090 543 carminum
1116 484 1297 546 rettulerunt
1326 485 1381 562 (et
1468 495 1469 498 ’

269 575 397 652 praeivit
413 575 446 629 in
464 571 520 629 hoc
537 588 634 630 errore
651 573 711 628 iam
728 569 880 629 Ausonius
896 569 1021 643 XXIII,
1039 590 1068 627 v.
1083 574 1099 626 1
1113 590 1148 630 ss.
1167 579 1196 629 11
1212 571 1337 631 XXVI
1353 576 1376 632 1

269 658 317 718 ed.
344 655 529 732 Schenlrel.):
556 675 617 713 non
642 662 740 733 potest
765 658 845 716 enim
870 657 929 713 nisi
954 653 994 714 ad
1019 653 1145 714 formam
1171 658 1376 736 speciemque

268 742 366 802 libelli
379 748 519 820 spectare,
537 739 570 799 id
587 739 667 818 quod
680 743 782 800 vicina
794 739 886 800 verba
899 760 997 797 novam
1010 747 1041 799 et
1053 742 1138 798 111111
1154 743 1233 799 modo
1247 745 1376 817 pumice
1468 789 1469 800 .

271 831 420 904 repetitum
442 819 605 891 dovsds‘aore
625 824 743 885 adnexa
765 825 974 885 demonstrant.
1010 843 1066 884 nec
1088 825 1204 885 deceret
1224 825 1372 904 profecto

271 911 424 973 Catullum
448 914 482 969 in
506 909 560 968 tali
587 913 717 970 carmine
742 910 805 969 nlla
831 909 868 969 de
893 913 975 987 poesi
997 929 1051 968 sua
1071 910 1265 988 praedicatio.
1303 911 1372 972 huc

271 995 386 1057 accedit
406 994 486 1074 quod
506 1002 594 1073 poeta
613 997 703 1054 istum
725 995 858 1054 libellum
881 995 947 1053 ideo
970 1013 1001 1054 se
1020 993 1157 1054 Cornelio
1177 994 1288 1054 donare
1310 999 1368 1068 ait,

271 1085 342 1161 quia
359 1084 385 1139 is
404 1080 524 1156 ‘nugas’
544 1099 611 1138 suas
623 1080 739 1159 pridem
751 1079 968 1159 adprobaverit,
987 1078 1067 1138 unde
1080 1079 1220 1157 colligere
1235 1080 1312 1140 licet
1331 1085 1368 1140 in

271 1165 422 1226 volumine
439 1166 550 1244 Nepoti
572 1162 669 1223 dicato
691 1185 752 1223 non
773 1164 865 1224 fuisse
887 1167 946 1222 uisi
967 1167 1082 1224 minora
1098 1173 1236 1243 poemata
1252 1165 1366 1244 lyrica,
1468 1207 1469 1224 .

271 1251 372 1331 qualia
389 1254 505 1328 saepius
523 1270 669 1325 nugarum
687 1253 750 1309 sive
766 1252 945 1329 ineptiarum
966 1251 1085 1308 nomine
1103 1249 1259 1328 designata
1276 1250 1367 1310 vide-

270 1357 344 1396 mus.
380 1337 456 1394 conf.
477 1355 499 1393 c.
517 1335 615 1395 XIV⁸
633 1339 649 1393 1
675 1344 704 1394 ct
720 1333 845 1393 Ellisius
863 1342 1016 1394 comment.
1035 1355 1065 1413 p.
1080 1335 1099 1391 4
1118 1343 1149 1394 et
1160 1337 1233 1394 431.
1252 1356 1365 1414 parum

271 1425 351 1482 enim
369 1422 431 1480 eius
449 1420 531 1478 modi
548 1419 707 1498 appellatio
724 1423 758 1478 in
770 1423 882 1478 maiora
898 1419 952 1478 illa
965 1422 1097 1478 carmina
1109 1419 1268 1499 quadraret
1282 1440 1365 1499 qnae

269 1509 303 1566 in
321 1505 501 1566 Graecorum
523 1513 676 1582 poetarum
698 1508 885 1582 maximeque
904 1503 1174 1563 Alexandrinorum
1192 1507 1366 1564 imitatione

270 1594 367 1670 posita
384 1588 502 1650 Catullo
521 1588 626 1648 ‘docti'
645 1590 796 1668 epitheton
810 1589 1006 1648 conciliavere
1019 1589 1108 1664 (conf.
1125 1587 1250 1648 Ovidius
1266 1592 1363 1650 amor.

269 1677 322 1736 HI
341 1677 358 1732 9
379 1677 428 1732 02.
446 1671 620 1752 Lygdamus
637 1675 684 1733 VI
700 1676 751 1732 41.
773 1675 919 1732 Martialis
936 1674 1016 1733 VIII
1035 1675 1074 1732 73
1093 1676 1120 1733 8.
1138 1673 1217 1734 XIV
1235 1675 1298 1733 152
1319 1673 1365 1751 1).

271 1759 352 1841 quod
377 1758 497 1839 quidem
523 1766 728 1835 argumentum
755 1761 810 1819 etsi
841 1759 1028 1818 concedimus
1058 1779 1111 1837 per
1136 1779 1167 1818 se
1198 1779 1259 1818 non
1286 1763 1366 1820 satis

270 1847 388 1904 firmum
410 1863 474 1904 esse
495 1851 650 1922 propterea
667 1846 737 1923 quia
757 1849 845 1922 poeta
866 1847 899 1902 in
925 1847 989 1903 istis
1011 1846 1183 1922 praesertim
1204 1845 1365 1904 versiculis

271 1929 432 1990 modestiae
459 1928 556 2008 plenis
582 1932 682 1987 omnia
707 1931 828 1988 omnino
854 1949 907 1988 sua
932 1947 1004 2008 prae
1031 1928 1124 1988 doctis
1147 1937 1176 1988 et
1200 1929 1363 1990 laboriosis

267 2035 368 2076 rerum
390 2015 538 2093 scriptoris
562 2015 698 2092 operibus
720 2033 815 2091 nugas
833 2013 932 2073 dicere
949 2022 1027 2073 certe
1043 2016 1147 2092 potuit,
1170 2023 1270 2074 tamen
1288 2035 1364 2074 con·

269 2103 403 2160 iunctum
425 2120 492 2158 cum
508 2099 631 2179 reliquis
652 2119 691 2159 ne
707 2099 764 2158 hoc
781 2098 900 2179 quidem
923 2119 975 2157 suo
994 2117 1093 2158 carere
1110 2099 1240 2178 pondere
1256 2103 1363 2160 existi·

271 2207 393 2245 mamus.
429 2188 547 2264 iamque
564 2185 687 2262 vulgata
704 2186 803 2263 opinio
821 2185 892 2242 satis
910 2182 1007 2242 videri
1028 2187 1121 2262 possit
1136 2183 1266 2244 refutata
1283 2203 1361 2245 esse.
1468 2249 1469 2256 ,

269 2271 364 2330 nihilo
382 2274 479 2329 miuus
497 2269 643 2349 quaedam
661 2269 794 2330 subicere
810 2268 884 2328 libet
896 2268 1003 2348 quibus
1017 2287 1092 2349 quae
1109 2267 1207 2328 adhuc
1225 2269 1362 2348 disputa·

269 2361 367 2414 vimus
386 2354 508 2414 aliunde
526 2354 744 2413 confirmffltur.
780 2354 925 2412 faciamus
942 2361 1036 2413 totum
1055 2373 1159 2432 corpus
1176 2353 1257 2434 quod
1274 2362 1362 2414 extat

253 2460 332 2499 una
354 2439 466 2498 editum
484 2448 514 2498 et
532 2438 670 2498 Cornelio
694 2441 868 2517 inscriptum
886 2458 963 2498 esse:
985 2446 1064 2499 11111
1085 2439 1159 2500 haec
1177 2439 1268 2500 editio
1286 2448 1360 2502 ante

270 2545 382 2584 annum
406 2519 519 2599 700(54
542 2522 660 2602 prodire
681 2543 742 2582 non
763 2527 868 2602 potuit,
891 2527 1030 2604 quoniam
1053 2524 1194 2603 conplura
1216 2528 1360 2600 carmina,

269 2617 304 2668 ut
321 2629 411 2687 supra
427 2607 566 2680 vidimus,
584 2609 639 2666 isto
657 2607 776 2668 demum
793 2629 871 2668 anno
890 2611 998 2687 scripta
1015 2616 1091 2667 sunt.
1127 2617 1158 2668 at
1174 2629 1273 2670 nonne
1289 2629 1360 2688 per·
1468 2675 1469 2688 ,

269 2697 378 2754 mirum
395 2691 514 2752 videtur
534 2700 652 2771 poetam
668 2700 729 2752 tam
748 2713 821 2766 sero,
844 2693 898 2753 sub
917 2702 1080 2754 extremum
1098 2696 1178 2753 vitae
1195 2702 1359 2756 111111111-

270 2801 334 2861 pus,
353 2781 485 2838 animum
502 2778 705 2837 induxissent
723 2781 853 2838 carmina
870 2799 924 2838 sua
936 2778 1115 2857 bibliopolae
1128 2777 1276 2841 traderet?
1302 2779 1358 2840 11(1

270 2865 394 2926 fortasse
412 2866 559 2944 quispiam
577 2863 686 2922 dixerit
703 2863 861 2936 Catullum,
884 2884 951 2923 curu
968 2863 1087 2940 singula
1104 2883 1239 2944 quaeque
1253 2867 1357 2934 statim
1468 2891 1469 2902 ¹

269 2952 323 3011 ubi
340 2953 493 3029 conposita
510 2956 607 3009 essent
623 2952 763 3027 privatim
777 2948 961 3025 divulganda
974 2957 1095 3022 curaret,
1115 2952 1185 3008 satis
1199 2952 1241 3009 sic
1259 2949 1357 3011 famae

271 3055 342 3096 suae
368 3035 549 3095 consuluisse
573 3032 700 3113 ideoque
724 3054 786 3093 non
811 3034 950 3094 habuisse
973 3054 1024 3093 cur
1044 3033 1161 3093 libellos
1185 3038 1242 3094 rite
1268 3034 1356 3095 edere

269 3130 353 3180 tanto
380 3138 468 3199 opere
493 3120 653 3179 festinaret.
697 3127 727 3179 11
753 3136 824 3178 sane
850 3138 953 3178 verum
980 3127 1024 3178 est
1050 3139 1116 3178 cum
1141 3119 1202 3178 alia
1222 3128 1356 3186 veterum
1468 3161 1469 3178 .

269 3206 411 3284 opuscula
427 3214 491 3263 tum
508 3207 637 3264 maxime
654 3212 799 3283 poemata,
818 3203 936 3284 quando
949 3205 1002 3263 vix
1014 3204 1149 3263 absoluta
1162 3206 1263 3264 amicis
1276 3205 1355 3264 tradi

270 3289 398 3349 solerent
414 3289 549 3366 legenda,
568 3292 739 3370 priusquam
755 3309 809 3368 per
825 3288 1001 3368 bibliopolas
1019 3289 1182 3362 ederentur,
1201 3288 1355 3367 descriptis

268 3375 318 3432 hic
335 3373 398 3432 illic
416 3375 558 3452 exemplis
575 3378 608 3433 in
625 3375 784 3434 multorum
801 3392 889 3452 saepe
906 3374 1059 3433 hominum
1076 3377 1213 3435 notitiam
1229 3377 1354 3448 venisse,

270 3479 330 3539 qua
348 3457 385 3517 de
401 3477 434 3516 re
450 3458 509 3517 vid.
524 3460 673 3519 Brunerus
686 3479 715 3538 p.
730 3459 791 3518 605
811 3466 840 3518 et
853 3459 964 3518 Birtius
977 3481 1005 3538 p.
1020 3461 1091 3532 346,
1109 3463 1161 3538 qui
1177 3459 1258 3520 locos
1271 3481 1356 3540 qnos-

269 3544 339 3604 dam
356 3542 466 3604 011111
482 3542 522 3601 ad
539 3561 604 3603 eam
621 3563 683 3603 rem
700 3548 733 3603 in
749 3546 852 3623 primis
870 3552 954 3622 aptos
972 3541 1042 3619 (vol.
1060 3544 1150 3617 XIX,
1168 3564 1197 3623 p.
1217 3546 1265 3604 10.
1281 3545 1319 3603 51
1331 3565 1352 3605 s.

270 3630 310 3688 56
321 3627 374 3707 Κ.)
388 3629 529 3707 excripsit
546 3625 635 3704 (conf.
648 3631 736 3688 etiam
754 3629 835 3688 idem
848 3630 959 3688 Birtius
975 3650 1003 3708 p.
1015 3631 1107 3689 1821.
1128 3638 1158 3690 et
1174 3631 1210 3690 Ε.
1220 3629 1356 3690 Rohdius

268 3714 349 3775 Gott.
368 3713 563 3793 gelricae.
583 3714 674 3786 1882,
693 3735 721 3792 p.
741 3714 845 3790 1560).
880 3732 935 3774 nec
953 3714 1082 3774 dubitari
1103 3723 1201 3794 potest
1222 3718 1297 3795 quin
1318 3735 1351 3776 eo

267 3800 355 3860 modo
373 3819 483 3877 magna
500 3820 568 3880 pare
603 3798 837 3858 Catullianorum
855 3802 1017 3859 carminum
1038 3803 1167 3879 primum
1183 3802 1352 3860 innotuerit.

267 3885 360 3945 veluti
386 3886 505 3963 singula
531 3888 757 3963 epigrammata
774 3892 876 3944 contra
903 3885 1034 3944 aemulos
1060 3887 1092 3945 in
1118 3903 1217 3945 amore
1246 3887 1355 3965 scripta

268 3978 356 4050 atque
374 3991 408 4031 ea
426 3991 502 4050 quae
520 3970 638 4030 adrem
655 3969 804 4048 publicam
822 3971 970 4048 pertinent
983 3990 1043 4029 non
1060 3971 1093 4029 in
1107 3972 1222 4030 scriniis
1239 3979 1355 4030 retenta

268 4075 331 4114 esse
353 4077 371 4114 a
392 4064 487 4136 poeta,
508 4056 600 4116 donec
630 4059 663 4114 in
685 4074 777 4113 unum
804 4054 927 4114 collecta
948 4055 1128 4134 bibliopolae
1150 4055 1229 4115 tradi
1252 4056 1354 4116 liceret

267 4139 460 4215 venditanda,
479 4141 532 4202 sed
548 4140 616 4202 ilico
634 4140 789 4218 divulgata
806 4159 870 4202 esse
885 4159 939 4219 per
957 4159 988 4202 se
1005 4140 1193 4219 intellegitur,
1212 4141 1354 4202 1111011-
