<?xml version="1.0" encoding="UTF-8"?>
<!DOCTYPE html PUBLIC "-//W3C//DTD XHTML 1.0 Transitional//EN"
    "http://www.w3.org/TR/xhtml1/DTD/xhtml1-transitional.dtd">
<html xmlns="http://www.w3.org/1999/xhtml" xml:lang="en" lang="en">
 <head>
  <title>
</title>
<meta http-equiv="Content-Type" content="text/html;charset=utf-8" />
  <meta name='ocr-system' content='tesseract 3.04.00' />
  <meta name='ocr-capabilities' content='ocr_page ocr_carea ocr_par ocr_line ocrx_word'/>
</head>
<body>
  <div class='ocr_page' id='page_1' title='image "./carmina01schmgoog_0151.png"; bbox 0 0 2968 4990; ppageno 0'>
   <div class='ocr_carea' id='block_1_1' title="bbox 761 351 932 410">
    <p class='ocr_par' dir='ltr' id='par_1_1' title="bbox 761 351 932 410">
     <span class='ocr_line' id='line_1_1' title="bbox 761 351 932 410; baseline -0.006 -1"><span class='ocrx_word' id='word_1_1' title='bbox 761 351 932 410; x_wconf 81' lang='lat' dir='ltr'>CATULLI</span> 
     </span>
    </p>
   </div>
   <div class='ocr_carea' id='block_1_2' title="bbox 459 475 1208 1688">
    <p class='ocr_par' dir='ltr' id='par_1_2' title="bbox 460 475 1177 659">
     <span class='ocr_line' id='line_1_2' title="bbox 461 475 1177 565; baseline 0 -21"><span class='ocrx_word' id='word_1_2' title='bbox 461 477 610 563; x_wconf 83' lang='lat' dir='ltr'>respondi</span> <span class='ocrx_word' id='word_1_3' title='bbox 626 477 660 542; x_wconf 91' lang='lat' dir='ltr'>id</span> <span class='ocrx_word' id='word_1_4' title='bbox 677 477 763 562; x_wconf 88' lang='lat' dir='ltr'>quod</span> <span class='ocrx_word' id='word_1_5' title='bbox 781 487 858 553; x_wconf 88' lang='lat' dir='ltr'>erat,</span> <span class='ocrx_word' id='word_1_6' title='bbox 876 475 956 540; x_wconf 88' lang='lat' dir='ltr'><strong>nihil</strong></span> <span class='ocrx_word' id='word_1_7' title='bbox 972 497 1078 561; x_wconf 88' lang='lat' dir='ltr'>neque</span> <span class='ocrx_word' id='word_1_8' title='bbox 1095 477 1177 565; x_wconf 80' lang='lat' dir='ltr'>ipsis</span> 
     </span>
     <span class='ocr_line' id='line_1_3' title="bbox 460 570 1053 659; baseline -0.005 -21"><span class='ocrx_word' id='word_1_9' title='bbox 460 572 525 638; x_wconf 89' lang='lat' dir='ltr'>iam</span> <span class='ocrx_word' id='word_1_10' title='bbox 542 571 740 659; x_wconf 85' lang='lat' dir='ltr'>praetoribus</span> <span class='ocrx_word' id='word_1_11' title='bbox 758 593 827 636; x_wconf 88' lang='lat' dir='ltr'>esse</span> <span class='ocrx_word' id='word_1_12' title='bbox 845 592 905 636; x_wconf 92' lang='lat' dir='ltr'>nec</span> <span class='ocrx_word' id='word_1_13' title='bbox 922 570 1053 650; x_wconf 81' lang='lat' dir='ltr'><strong>cohorti,</strong></span> 
     </span>
    </p>

    <p class='ocr_par' dir='ltr' id='par_1_3' title="bbox 460 663 1126 1127">
     <span class='ocr_line' id='line_1_4' title="bbox 462 663 1121 752; baseline 0 -20"><span class='ocrx_word' id='word_1_14' title='bbox 462 691 519 733; x_wconf 92' lang='lat' dir='ltr'>cur</span> <span class='ocrx_word' id='word_1_15' title='bbox 535 667 704 751; x_wconf 85' lang='lat' dir='ltr'>quisquam</span> <span class='ocrx_word' id='word_1_16' title='bbox 723 675 820 752; x_wconf 89' lang='lat' dir='ltr'>caput</span> <span class='ocrx_word' id='word_1_17' title='bbox 836 663 962 730; x_wconf 86' lang='lat' dir='ltr'>unctius</span> <span class='ocrx_word' id='word_1_18' title='bbox 980 665 1121 744; x_wconf 79' lang='lat' dir='ltr'>referret,</span> 
     </span>
     <span class='ocr_line' id='line_1_5' title="bbox 460 758 1071 848; baseline -0.005 -21"><span class='ocrx_word' id='word_1_19' title='bbox 460 760 646 848; x_wconf 85' lang='lat' dir='ltr'>praesertim</span> <span class='ocrx_word' id='word_1_20' title='bbox 663 759 779 844; x_wconf 90' lang='lat' dir='ltr'>quibus</span> <span class='ocrx_word' id='word_1_21' title='bbox 797 768 880 825; x_wconf 86' lang='lat' dir='ltr'>esset</span> <span class='ocrx_word' id='word_1_22' title='bbox 896 758 1071 824; x_wconf 88' lang='lat' dir='ltr'>inrumator</span> 
     </span>
     <span class='ocr_line' id='line_1_6' title="bbox 460 852 1061 942; baseline 0.002 -23"><span class='ocrx_word' id='word_1_23' title='bbox 460 865 588 942; x_wconf 89' lang='lat' dir='ltr'>praetor</span> <span class='ocrx_word' id='word_1_24' title='bbox 604 876 663 920; x_wconf 90' lang='lat' dir='ltr'>nec</span> <span class='ocrx_word' id='word_1_25' title='bbox 680 853 801 919; x_wconf 85' lang='lat' dir='ltr'>faceret</span> <span class='ocrx_word' id='word_1_26' title='bbox 817 853 873 938; x_wconf 93' lang='lat' dir='ltr'>pili</span> <span class='ocrx_word' id='word_1_27' title='bbox 891 852 1061 920; x_wconf 86' lang='lat' dir='ltr'>cohortem.</span> 
     </span>
     <span class='ocr_line' id='line_1_7' title="bbox 460 947 1126 1032; baseline -0.002 -18"><span class='ocrx_word' id='word_1_28' title='bbox 460 955 610 1014; x_wconf 86' lang='lat' dir='ltr'>‘atcerte</span> <span class='ocrx_word' id='word_1_29' title='bbox 628 947 747 1013; x_wconf 85' lang='lat' dir='ltr'>tamen’</span> <span class='ocrx_word' id='word_1_30' title='bbox 766 947 923 1032; x_wconf 87' lang='lat' dir='ltr'>inquiunt,</span> <span class='ocrx_word' id='word_1_31' title='bbox 942 947 1044 1031; x_wconf 89' lang='lat' dir='ltr'>‘quod</span> <span class='ocrx_word' id='word_1_32' title='bbox 1061 947 1126 1013; x_wconf 93' lang='lat' dir='ltr'>illio</span> 
     </span>
     <span class='ocr_line' id='line_1_8' title="bbox 460 1042 999 1127; baseline -0.004 -19"><span class='ocrx_word' id='word_1_33' title='bbox 460 1053 571 1108; x_wconf 91' lang='lat' dir='ltr'>natum</span> <span class='ocrx_word' id='word_1_34' title='bbox 590 1042 704 1106; x_wconf 89' lang='lat' dir='ltr'>dicitur</span> <span class='ocrx_word' id='word_1_35' title='bbox 722 1062 801 1118; x_wconf 88' lang='lat' dir='ltr'>esse,</span> <span class='ocrx_word' id='word_1_36' title='bbox 820 1042 999 1127; x_wconf 79' lang='lat' dir='ltr'>conparasti</span> 
     </span>
    </p>

    <p class='ocr_par' dir='ltr' id='par_1_4' title="bbox 460 1133 1208 1304">
     <span class='ocr_line' id='line_1_9' title="bbox 460 1133 1208 1221; baseline 0 -19"><span class='ocrx_word' id='word_1_37' title='bbox 460 1137 502 1202; x_wconf 88' lang='lat' dir='ltr'>ad</span> <span class='ocrx_word' id='word_1_38' title='bbox 519 1136 661 1201; x_wconf 88' lang='lat' dir='ltr'>lecticam</span> <span class='ocrx_word' id='word_1_39' title='bbox 679 1133 843 1200; x_wconf 68' lang='lat' dir='ltr'>homines!</span> <span class='ocrx_word' id='word_1_40' title='bbox 879 1156 950 1220; x_wconf 86' lang='lat' dir='ltr'>ego,</span> <span class='ocrx_word' id='word_1_41' title='bbox 969 1145 1005 1199; x_wconf 89' lang='lat' dir='ltr'>ut</span> <span class='ocrx_word' id='word_1_42' title='bbox 1021 1135 1150 1221; x_wconf 88' lang='lat' dir='ltr'>puellae</span> <span class='ocrx_word' id='word_1_43' title='bbox 1206 1195 1208 1202; x_wconf 82' lang='grc'>,</span> 
     </span>
     <span class='ocr_line' id='line_1_10' title="bbox 460 1228 987 1304; baseline -0.006 -9"><span class='ocrx_word' id='word_1_44' title='bbox 460 1253 561 1297; x_wconf 89' lang='lat' dir='ltr'>unum</span> <span class='ocrx_word' id='word_1_45' title='bbox 578 1253 631 1294; x_wconf 89' lang='lat' dir='ltr'>me</span> <span class='ocrx_word' id='word_1_46' title='bbox 648 1230 785 1295; x_wconf 86' lang='lat' dir='ltr'>lacerem</span> <span class='ocrx_word' id='word_1_47' title='bbox 805 1228 987 1304; x_wconf 75' lang='lat' dir='ltr'>beatiorem,</span> 
     </span>
    </p>

    <p class='ocr_par' dir='ltr' id='par_1_5' title="bbox 460 1321 1140 1408">
     <span class='ocr_line' id='line_1_11' title="bbox 460 1321 1140 1408; baseline -0.006 -18"><span class='ocrx_word' id='word_1_48' title='bbox 460 1325 553 1390; x_wconf 91' lang='lat' dir='ltr'>‘non’</span> <span class='ocrx_word' id='word_1_49' title='bbox 571 1324 702 1407; x_wconf 88' lang='lat' dir='ltr'>inquam</span> <span class='ocrx_word' id='word_1_50' title='bbox 720 1322 812 1386; x_wconf 87' lang='lat' dir='ltr'>‘mihi</span> <span class='ocrx_word' id='word_1_51' title='bbox 830 1333 895 1386; x_wconf 89' lang='lat' dir='ltr'>tarn</span> <span class='ocrx_word' id='word_1_52' title='bbox 913 1321 974 1386; x_wconf 83' lang='lat' dir='ltr'>fuit</span> <span class='ocrx_word' id='word_1_53' title='bbox 990 1322 1140 1408; x_wconf 83' lang='lat' dir='ltr'>maligne,</span> 
     </span>
    </p>

    <p class='ocr_par' dir='ltr' id='par_1_6' title="bbox 460 1415 1079 1504">
     <span class='ocr_line' id='line_1_12' title="bbox 460 1415 1079 1504; baseline -0.002 -21"><span class='ocrx_word' id='word_1_54' title='bbox 460 1429 506 1495; x_wconf 92' lang='lat' dir='ltr'>ut,</span> <span class='ocrx_word' id='word_1_55' title='bbox 524 1418 688 1504; x_wconf 85' lang='lat' dir='ltr'>provincia</span> <span class='ocrx_word' id='word_1_56' title='bbox 704 1417 790 1499; x_wconf 88' lang='lat' dir='ltr'>quod</span> <span class='ocrx_word' id='word_1_57' title='bbox 808 1416 892 1481; x_wconf 90' lang='lat' dir='ltr'>mala</span> <span class='ocrx_word' id='word_1_58' title='bbox 908 1415 1079 1493; x_wconf 82' lang='lat' dir='ltr'>incidisset,</span> 
     </span>
    </p>

    <p class='ocr_par' dir='ltr' id='par_1_7' title="bbox 459 1507 1208 1688">
     <span class='ocr_line' id='line_1_13' title="bbox 459 1507 1191 1597; baseline -0.004 -20"><span class='ocrx_word' id='word_1_59' title='bbox 459 1534 524 1578; x_wconf 91' lang='lat' dir='ltr'>non</span> <span class='ocrx_word' id='word_1_60' title='bbox 541 1535 667 1597; x_wconf 91' lang='lat' dir='ltr'>possem</span> <span class='ocrx_word' id='word_1_61' title='bbox 686 1520 757 1575; x_wconf 89' lang='lat' dir='ltr'>octo</span> <span class='ocrx_word' id='word_1_62' title='bbox 774 1510 917 1575; x_wconf 89' lang='lat' dir='ltr'>homines</span> <span class='ocrx_word' id='word_1_63' title='bbox 935 1533 1047 1594; x_wconf 88' lang='lat' dir='ltr'>parare</span> <span class='ocrx_word' id='word_1_64' title='bbox 1064 1507 1191 1576; x_wconf 64' lang='lat' dir='ltr'>rectos?</span> 
     </span>
     <span class='ocr_line' id='line_1_14' title="bbox 460 1603 1208 1688; baseline -0.004 -17"><span class='ocrx_word' id='word_1_65' title='bbox 460 1618 493 1672; x_wconf 88' lang='lat' dir='ltr'>at</span> <span class='ocrx_word' id='word_1_66' title='bbox 510 1605 555 1670; x_wconf 91' lang='lat' dir='ltr'>mi</span> <span class='ocrx_word' id='word_1_67' title='bbox 571 1606 677 1669; x_wconf 90' lang='lat' dir='ltr'>nullus</span> <span class='ocrx_word' id='word_1_68' title='bbox 695 1613 761 1670; x_wconf 88' lang='lat' dir='ltr'>crat</span> <span class='ocrx_word' id='word_1_69' title='bbox 778 1625 881 1686; x_wconf 90' lang='lat' dir='ltr'>neque</span> <span class='ocrx_word' id='word_1_70' title='bbox 898 1603 950 1668; x_wconf 90' lang='lat' dir='ltr'>hic</span> <span class='ocrx_word' id='word_1_71' title='bbox 967 1625 1071 1687; x_wconf 90' lang='lat' dir='ltr'>neque</span> <span class='ocrx_word' id='word_1_72' title='bbox 1087 1603 1162 1682; x_wconf 89' lang='lat' dir='ltr'>illic,</span> <span class='ocrx_word' id='word_1_73' title='bbox 1205 1681 1208 1688; x_wconf 35' lang='grc'><strong>,</strong></span> 
     </span>
    </p>
   </div>
   <div class='ocr_carea' id='block_1_3' title="bbox 459 1697 1229 2066">
    <p class='ocr_par' dir='ltr' id='par_1_8' title="bbox 460 1697 1079 1783">
     <span class='ocr_line' id='line_1_15' title="bbox 460 1697 1079 1783; baseline -0.006 -19"><span class='ocrx_word' id='word_1_74' title='bbox 460 1700 596 1764; x_wconf 87' lang='lat' dir='ltr'>fractum</span> <span class='ocrx_word' id='word_1_75' title='bbox 615 1699 669 1781; x_wconf 94' lang='lat' dir='ltr'>qui</span> <span class='ocrx_word' id='word_1_76' title='bbox 688 1697 803 1762; x_wconf 87' lang='lat' dir='ltr'>veteris</span> <span class='ocrx_word' id='word_1_77' title='bbox 821 1697 936 1781; x_wconf 90' lang='lat' dir='ltr'>pedem</span> <span class='ocrx_word' id='word_1_78' title='bbox 953 1697 1079 1783; x_wconf 83' lang='lat' dir='ltr'>grabati</span> 
     </span>
    </p>

    <p class='ocr_par' dir='ltr' id='par_1_9' title="bbox 459 1792 976 1876">
     <span class='ocr_line' id='line_1_16' title="bbox 459 1792 976 1876; baseline -0.002 -18"><span class='ocrx_word' id='word_1_79' title='bbox 459 1794 494 1858; x_wconf 91' lang='lat' dir='ltr'>in</span> <span class='ocrx_word' id='word_1_80' title='bbox 511 1793 592 1860; x_wconf 91' lang='lat' dir='ltr'>oollo</span> <span class='ocrx_word' id='word_1_81' title='bbox 610 1792 671 1856; x_wconf 92' lang='lat' dir='ltr'>sibi</span> <span class='ocrx_word' id='word_1_82' title='bbox 689 1792 843 1858; x_wconf 86' lang='lat' dir='ltr'>collocare</span> <span class='ocrx_word' id='word_1_83' title='bbox 860 1801 976 1876; x_wconf 87' lang='lat' dir='ltr'>posset.</span> 
     </span>
    </p>

    <p class='ocr_par' dir='ltr' id='par_1_10' title="bbox 459 1885 1008 1963">
     <span class='ocr_line' id='line_1_17' title="bbox 459 1885 1008 1963; baseline -0.009 -10"><span class='ocrx_word' id='word_1_84' title='bbox 459 1889 513 1953; x_wconf 91' lang='lat' dir='ltr'>hic</span> <span class='ocrx_word' id='word_1_85' title='bbox 529 1888 593 1963; x_wconf 91' lang='lat' dir='ltr'>illa,</span> <span class='ocrx_word' id='word_1_86' title='bbox 611 1896 647 1950; x_wconf 88' lang='lat' dir='ltr'>ut</span> <span class='ocrx_word' id='word_1_87' title='bbox 664 1885 770 1950; x_wconf 83' lang='lat' dir='ltr'>decuit</span> <span class='ocrx_word' id='word_1_88' title='bbox 787 1885 1008 1961; x_wconf 88' lang='lat' dir='ltr'>cinaediorem,</span> 
     </span>
    </p>

    <p class='ocr_par' dir='ltr' id='par_1_11' title="bbox 461 1975 1229 2066">
     <span class='ocr_line' id='line_1_18' title="bbox 461 1975 1229 2066; baseline -0.005 -21"><span class='ocrx_word' id='word_1_89' title='bbox 461 1981 608 2066; x_wconf 86' lang='lat' dir='ltr'>‘quaeso’</span> <span class='ocrx_word' id='word_1_90' title='bbox 626 1979 730 2064; x_wconf 89' lang='lat' dir='ltr'>inquit</span> <span class='ocrx_word' id='word_1_91' title='bbox 747 1979 849 2056; x_wconf 62' lang='lat' dir='ltr'>‘mihi</span> <span class='ocrx_word' id='word_1_92' title='bbox 868 1979 912 2043; x_wconf 90' lang='lat' dir='ltr'>mi</span> <span class='ocrx_word' id='word_1_93' title='bbox 930 1977 1067 2054; x_wconf 84' lang='lat' dir='ltr'>Catulle,</span> <span class='ocrx_word' id='word_1_94' title='bbox 1085 1975 1229 2062; x_wconf 88' lang='lat' dir='ltr'>paullum</span> 
     </span>
    </p>
   </div>
   <div class='ocr_carea' id='block_1_4' title="bbox 461 2070 1267 2926">
    <p class='ocr_par' dir='ltr' id='par_1_12' title="bbox 461 2070 1267 2443">
     <span class='ocr_line' id='line_1_19' title="bbox 461 2070 1198 2162; baseline -0.009 -21"><span class='ocrx_word' id='word_1_95' title='bbox 461 2075 553 2141; x_wconf 86' lang='lat' dir='ltr'>istos:</span> <span class='ocrx_word' id='word_1_96' title='bbox 572 2074 774 2162; x_wconf 87' lang='lat' dir='ltr'>commodum</span> <span class='ocrx_word' id='word_1_97' title='bbox 792 2072 876 2138; x_wconf 89' lang='lat' dir='ltr'>enim</span> <span class='ocrx_word' id='word_1_98' title='bbox 894 2072 967 2137; x_wconf 89' lang='lat' dir='ltr'>volo</span> <span class='ocrx_word' id='word_1_99' title='bbox 985 2073 1025 2137; x_wconf 86' lang='lat' dir='ltr'>ad</span> <span class='ocrx_word' id='word_1_100' title='bbox 1044 2070 1198 2158; x_wconf 79' lang='lat' dir='ltr'>Sarapim</span> 
     </span>
     <span class='ocr_line' id='line_1_20' title="bbox 461 2165 1267 2252; baseline -0.004 -19"><span class='ocrx_word' id='word_1_101' title='bbox 461 2168 596 2234; x_wconf 65' lang='lat' dir='ltr'>deferri!</span> <span class='ocrx_word' id='word_1_102' title='bbox 632 2167 755 2232; x_wconf 88' lang='lat' dir='ltr'>‘mane’</span> <span class='ocrx_word' id='word_1_103' title='bbox 773 2167 873 2250; x_wconf 91' lang='lat' dir='ltr'>inquii</span> <span class='ocrx_word' id='word_1_104' title='bbox 892 2167 1027 2252; x_wconf 88' lang='lat' dir='ltr'>puellae,</span> <span class='ocrx_word' id='word_1_105' title='bbox 1205 2243 1208 2250; x_wconf 30' lang='grc' dir='ltr'>Ι</span> <span class='ocrx_word' id='word_1_106' title='bbox 1264 2165 1267 2173; x_wconf 70' lang='grc'>’</span> 
     </span>
     <span class='ocr_line' id='line_1_21' title="bbox 461 2259 1153 2346; baseline -0.004 -17"><span class='ocrx_word' id='word_1_107' title='bbox 461 2263 562 2329; x_wconf 86' lang='lat' dir='ltr'>‘istud</span> <span class='ocrx_word' id='word_1_108' title='bbox 578 2262 665 2346; x_wconf 88' lang='lat' dir='ltr'>quod</span> <span class='ocrx_word' id='word_1_109' title='bbox 682 2262 776 2327; x_wconf 86' lang='lat' dir='ltr'>modo</span> <span class='ocrx_word' id='word_1_110' title='bbox 795 2260 937 2326; x_wconf 86' lang='lat' dir='ltr'>dixeram</span> <span class='ocrx_word' id='word_1_111' title='bbox 955 2284 1006 2326; x_wconf 94' lang='lat' dir='ltr'>me</span> <span class='ocrx_word' id='word_1_112' title='bbox 1023 2259 1153 2338; x_wconf 89' lang='lat' dir='ltr'>habere,</span> 
     </span>
     <span class='ocr_line' id='line_1_22' title="bbox 461 2354 969 2443; baseline -0.008 -21"><span class='ocrx_word' id='word_1_113' title='bbox 461 2355 546 2443; x_wconf 83' lang='lat' dir='ltr'>fugit</span> <span class='ocrx_word' id='word_1_114' title='bbox 563 2378 614 2422; x_wconf 91' lang='lat' dir='ltr'>me</span> <span class='ocrx_word' id='word_1_115' title='bbox 631 2356 726 2420; x_wconf 85' lang='lat' dir='ltr'>ratio:</span> <span class='ocrx_word' id='word_1_116' title='bbox 744 2378 834 2421; x_wconf 92' lang='lat' dir='ltr'>meus</span> <span class='ocrx_word' id='word_1_117' title='bbox 852 2354 969 2419; x_wconf 87' lang='lat' dir='ltr'>sodalis</span> 
     </span>
    </p>

    <p class='ocr_par' dir='ltr' id='par_1_13' title="bbox 463 2448 1045 2534">
     <span class='ocr_line' id='line_1_23' title="bbox 463 2448 1045 2534; baseline -0.005 -17"><span class='ocrx_word' id='word_1_118' title='bbox 463 2448 569 2517; x_wconf 82' lang='lat' dir='ltr'>Cinna</span> <span class='ocrx_word' id='word_1_119' title='bbox 586 2460 634 2515; x_wconf 90' lang='lat' dir='ltr'>est</span> <span class='ocrx_word' id='word_1_120' title='bbox 651 2448 769 2526; x_wconf 83' lang='lat' dir='ltr'>Gaius3</span> <span class='ocrx_word' id='word_1_121' title='bbox 787 2449 815 2514; x_wconf 90' lang='lat' dir='ltr'>is</span> <span class='ocrx_word' id='word_1_122' title='bbox 830 2449 894 2513; x_wconf 89' lang='lat' dir='ltr'>sibi</span> <span class='ocrx_word' id='word_1_123' title='bbox 910 2448 1045 2534; x_wconf 86' lang='lat' dir='ltr'>paravit.</span> 
     </span>
    </p>

    <p class='ocr_par' dir='ltr' id='par_1_14' title="bbox 461 2542 1202 2722">
     <span class='ocr_line' id='line_1_24' title="bbox 461 2542 1202 2627; baseline -0.003 -17"><span class='ocrx_word' id='word_1_124' title='bbox 461 2567 583 2620; x_wconf 79' lang='lat' dir='ltr'>verum,</span> <span class='ocrx_word' id='word_1_125' title='bbox 602 2555 708 2608; x_wconf 90' lang='lat' dir='ltr'>utrum</span> <span class='ocrx_word' id='word_1_126' title='bbox 725 2543 809 2608; x_wconf 91' lang='lat' dir='ltr'>illius</span> <span class='ocrx_word' id='word_1_127' title='bbox 826 2567 867 2608; x_wconf 89' lang='lat' dir='ltr'>an</span> <span class='ocrx_word' id='word_1_128' title='bbox 885 2543 958 2621; x_wconf 92' lang='lat' dir='ltr'>mei,</span> <span class='ocrx_word' id='word_1_129' title='bbox 977 2542 1053 2627; x_wconf 91' lang='lat' dir='ltr'>quid</span> <span class='ocrx_word' id='word_1_130' title='bbox 1071 2543 1113 2608; x_wconf 88' lang='lat' dir='ltr'>ad</span> <span class='ocrx_word' id='word_1_131' title='bbox 1129 2543 1202 2609; x_wconf 72' lang='lat' dir='ltr'>mel</span> 
     </span>
     <span class='ocr_line' id='line_1_25' title="bbox 461 2636 1088 2722; baseline -0.002 -19"><span class='ocrx_word' id='word_1_132' title='bbox 461 2649 534 2703; x_wconf 80' lang='lat' dir='ltr'>utor</span> <span class='ocrx_word' id='word_1_133' title='bbox 550 2646 616 2701; x_wconf 84' lang='lat' dir='ltr'>tum</span> <span class='ocrx_word' id='word_1_134' title='bbox 633 2637 715 2702; x_wconf 88' lang='lat' dir='ltr'>bene</span> <span class='ocrx_word' id='word_1_135' title='bbox 733 2658 830 2720; x_wconf 90' lang='lat' dir='ltr'>quam</span> <span class='ocrx_word' id='word_1_136' title='bbox 847 2637 924 2702; x_wconf 85' lang='lat' dir='ltr'>mihi</span> <span class='ocrx_word' id='word_1_137' title='bbox 942 2636 1088 2722; x_wconf 79' lang='lat' dir='ltr'>paratim.</span> 
     </span>
    </p>

    <p class='ocr_par' dir='ltr' id='par_1_15' title="bbox 463 2731 1117 2816">
     <span class='ocr_line' id='line_1_26' title="bbox 463 2731 1117 2816; baseline -0.003 -18"><span class='ocrx_word' id='word_1_138' title='bbox 463 2732 521 2798; x_wconf 88' lang='lat' dir='ltr'>sed</span> <span class='ocrx_word' id='word_1_139' title='bbox 537 2742 574 2796; x_wconf 85' lang='lat' dir='ltr'>tu</span> <span class='ocrx_word' id='word_1_140' title='bbox 590 2732 711 2816; x_wconf 85' lang='lat' dir='ltr'>insulsa</span> <span class='ocrx_word' id='word_1_141' title='bbox 728 2731 810 2796; x_wconf 87' lang='lat' dir='ltr'>male</span> <span class='ocrx_word' id='word_1_142' title='bbox 828 2742 861 2796; x_wconf 91' lang='lat' dir='ltr'>et</span> <span class='ocrx_word' id='word_1_143' title='bbox 877 2732 1010 2797; x_wconf 88' lang='lat' dir='ltr'>molesta</span> <span class='ocrx_word' id='word_1_144' title='bbox 1027 2731 1117 2809; x_wconf 89' lang='lat' dir='ltr'>vivis,</span> 
     </span>
    </p>

    <p class='ocr_par' dir='ltr' id='par_1_16' title="bbox 462 2825 1207 2926">
     <span class='ocr_line' id='line_1_27' title="bbox 462 2825 1207 2926; baseline -0.003 -35"><span class='ocrx_word' id='word_1_145' title='bbox 462 2848 520 2912; x_wconf 92' lang='lat' dir='ltr'>per</span> <span class='ocrx_word' id='word_1_146' title='bbox 537 2847 634 2910; x_wconf 88' lang='lat' dir='ltr'>quam</span> <span class='ocrx_word' id='word_1_147' title='bbox 650 2846 715 2889; x_wconf 91' lang='lat' dir='ltr'>non</span> <span class='ocrx_word' id='word_1_148' title='bbox 732 2825 806 2890; x_wconf 89' lang='lat' dir='ltr'>lieet</span> <span class='ocrx_word' id='word_1_149' title='bbox 823 2848 892 2891; x_wconf 90' lang='lat' dir='ltr'>esse</span> <span class='ocrx_word' id='word_1_150' title='bbox 909 2825 1151 2912; x_wconf 65' lang='lat' dir='ltr'>neglegentem?</span> <span class='ocrx_word' id='word_1_151' title='bbox 1200 2907 1207 2926; x_wconf 89' lang='lat'><strong>.</strong></span> 
     </span>
    </p>
   </div>
   <div class='ocr_carea' id='block_1_5' title="bbox 761 3048 932 3060">
    <p class='ocr_par' dir='ltr' id='par_1_17' title="bbox 761 3048 932 3060">
     <span class='ocr_line' id='line_1_28' title="bbox 761 3048 932 3060; baseline -0.012 0"><span class='ocrx_word' id='word_1_152' title='bbox 761 3048 932 3060; x_wconf 75' lang='lat'>—-——</span> 
     </span>
    </p>
   </div>
   <div class='ocr_carea' id='block_1_6' title="bbox 683 3241 874 3310">
    <p class='ocr_par' dir='ltr' id='par_1_18' title="bbox 683 3241 874 3310">
     <span class='ocr_line' id='line_1_29' title="bbox 683 3241 874 3310; baseline 0 0"><span class='ocrx_word' id='word_1_153' title='bbox 683 3277 689 3287; x_wconf 95' lang='lat'><em>·</em></span> <span class='ocrx_word' id='word_1_154' title='bbox 809 3241 874 3310; x_wconf 88' lang='lat' dir='ltr'>XL</span> 
     </span>
    </p>
   </div>
   <div class='ocr_carea' id='block_1_7' title="bbox 460 3369 1077 3728">
    <p class='ocr_par' dir='ltr' id='par_1_19' title="bbox 460 3369 1077 3728">
     <span class='ocr_line' id='line_1_30' title="bbox 461 3369 1028 3448; baseline 0.002 -13"><span class='ocrx_word' id='word_1_155' title='bbox 461 3370 540 3435; x_wconf 87' lang='lat' dir='ltr'>Furi</span> <span class='ocrx_word' id='word_1_156' title='bbox 558 3381 589 3436; x_wconf 86' lang='lat' dir='ltr'>ct</span> <span class='ocrx_word' id='word_1_157' title='bbox 607 3370 730 3448; x_wconf 87' lang='lat' dir='ltr'>Aureli,</span> <span class='ocrx_word' id='word_1_158' title='bbox 749 3370 880 3436; x_wconf 81' lang='lat' dir='ltr'>comites</span> <span class='ocrx_word' id='word_1_159' title='bbox 899 3369 1028 3448; x_wconf 84' lang='lat' dir='ltr'>Catulli,</span> 
     </span>
     <span class='ocr_line' id='line_1_31' title="bbox 463 3463 1077 3549; baseline 0.003 -20"><span class='ocrx_word' id='word_1_160' title='bbox 463 3463 580 3529; x_wconf 87' lang='lat' dir='ltr'>sivein</span> <span class='ocrx_word' id='word_1_161' title='bbox 597 3475 754 3529; x_wconf 85' lang='lat' dir='ltr'>extremos</span> <span class='ocrx_word' id='word_1_162' title='bbox 771 3465 949 3549; x_wconf 88' lang='lat' dir='ltr'>penetrabit</span> <span class='ocrx_word' id='word_1_163' title='bbox 966 3465 1077 3544; x_wconf 88' lang='lat' dir='ltr'>Indos,</span> 
     </span>
     <span class='ocr_line' id='line_1_32' title="bbox 460 3559 975 3643; baseline 0.002 -20"><span class='ocrx_word' id='word_1_164' title='bbox 460 3559 537 3624; x_wconf 87' lang='lat' dir='ltr'>litus</span> <span class='ocrx_word' id='word_1_165' title='bbox 553 3569 590 3622; x_wconf 91' lang='lat' dir='ltr'>ut</span> <span class='ocrx_word' id='word_1_166' title='bbox 606 3559 702 3643; x_wconf 82' lang='lat' dir='ltr'>longe</span> <span class='ocrx_word' id='word_1_167' title='bbox 719 3570 887 3626; x_wconf 79' lang='lat' dir='ltr'>resonante</span> <span class='ocrx_word' id='word_1_168' title='bbox 904 3559 975 3624; x_wconf 84' lang='lat' dir='ltr'>an</span> 
     </span>
     <span class='ocr_line' id='line_1_33' title="bbox 461 3649 718 3728; baseline -0.012 -11"><span class='ocrx_word' id='word_1_169' title='bbox 461 3649 605 3718; x_wconf 84' lang='lat' dir='ltr'>tunditur</span> <span class='ocrx_word' id='word_1_170' title='bbox 621 3650 718 3728; x_wconf 85' lang='lat' dir='ltr'>unda,</span> 
     </span>
    </p>
   </div>
   <div class='ocr_carea' id='block_1_8' title="bbox 461 3858 1082 4225">
    <p class='ocr_par' dir='ltr' id='par_1_20' title="bbox 461 3858 1082 4225">
     <span class='ocr_line' id='line_1_34' title="bbox 462 3858 1082 3942; baseline 0.002 -19"><span class='ocrx_word' id='word_1_171' title='bbox 462 3858 529 3924; x_wconf 87' lang='lat' dir='ltr'>sive</span> <span class='ocrx_word' id='word_1_172' title='bbox 546 3858 580 3923; x_wconf 94' lang='lat' dir='ltr'>in</span> <span class='ocrx_word' id='word_1_173' title='bbox 596 3859 766 3942; x_wconf 88' lang='lat' dir='ltr'>Hyrcanos</span> <span class='ocrx_word' id='word_1_174' title='bbox 784 3859 951 3924; x_wconf 87' lang='lat' dir='ltr'>Arabasve</span> <span class='ocrx_word' id='word_1_175' title='bbox 968 3859 1082 3924; x_wconf 88' lang='lat' dir='ltr'>molles</span> 
     </span>
     <span class='ocr_line' id='line_1_35' title="bbox 461 3951 1052 4038; baseline -0.003 -20"><span class='ocrx_word' id='word_1_176' title='bbox 461 3974 518 4018; x_wconf 88' lang='lat' dir='ltr'>seu</span> <span class='ocrx_word' id='word_1_177' title='bbox 536 3951 636 4018; x_wconf 85' lang='lat' dir='ltr'>Sacas</span> <span class='ocrx_word' id='word_1_178' title='bbox 653 3951 886 4038; x_wconf 87' lang='lat' dir='ltr'>sagittiferosve</span> <span class='ocrx_word' id='word_1_179' title='bbox 903 3952 1052 4030; x_wconf 87' lang='lat' dir='ltr'>Parthos,</span> 
     </span>
     <span class='ocr_line' id='line_1_36' title="bbox 461 4046 1033 4132; baseline -0.002 -20"><span class='ocrx_word' id='word_1_180' title='bbox 461 4046 528 4112; x_wconf 90' lang='lat' dir='ltr'>sive</span> <span class='ocrx_word' id='word_1_181' title='bbox 546 4067 610 4131; x_wconf 91' lang='lat' dir='ltr'>qua</span> <span class='ocrx_word' id='word_1_182' title='bbox 628 4046 896 4132; x_wconf 82' lang='lat' dir='ltr'>septemgeminus</span> <span class='ocrx_word' id='word_1_183' title='bbox 914 4048 1033 4111; x_wconf 88' lang='lat' dir='ltr'>colorat</span> 
     </span>
     <span class='ocr_line' id='line_1_37' title="bbox 461 4140 810 4225; baseline -0.003 -20"><span class='ocrx_word' id='word_1_184' title='bbox 461 4161 599 4225; x_wconf 88' lang='lat' dir='ltr'>aequora</span> <span class='ocrx_word' id='word_1_185' title='bbox 616 4140 719 4218; x_wconf 88' lang='lat' dir='ltr'>Nilus,</span> <span class='ocrx_word' id='word_1_186' title='bbox 806 4161 810 4171; x_wconf 71' lang='grc'>’</span> 
     </span>
    </p>
   </div>
   <div class='ocr_carea' id='block_1_9' title="bbox 0 0 1488 4990">
    <p class='ocr_par' dir='ltr' id='par_1_21' title="bbox 0 0 1488 4990">
     <span class='ocr_line' id='line_1_38' title="bbox 0 0 1488 4990; baseline 0 0"><span class='ocrx_word' id='word_1_187' title='bbox 0 0 1488 4990; x_wconf 95' lang='lat' dir='ltr'> </span> 
     </span>
    </p>
   </div>
  </div>
 </body>
</html>
