2954 4990
288 381 406 427 nxxvm
720 377 948 438 raonuuouaus

289 500 452 580 spondeum
475 499 588 580 aliquot
609 499 682 559 locis
703 517 794 578 prave
817 497 1010 558 coniectando
1031 518 1050 557 a
1072 506 1164 560 semet
1184 498 1319 558 inlatum
1338 499 1401 559 de—

290 586 406 645 fensum
423 586 479 643 ivit
494 617 545 658 -,
569 604 635 642 cum
653 584 827 644 Theocritus
849 585 882 643 in
903 585 995 662 epigr.
1013 583 1096 643 XXI
1112 592 1245 644 veterum
1266 585 1400 644 iambo·

291 671 471 750 graphorum
495 669 646 728 licentiam
671 670 798 728 retinere
824 667 968 727 maluerit.
1004 668 1056 728 sed
1081 671 1114 728 in
1136 688 1171 729 eo
1193 669 1399 749 Hipponacti

290 758 386 833 magis
411 774 501 834 quam
528 751 710 813 Callimacho
738 773 769 812 se
795 752 956 832 adplicavit
982 763 1070 832 poeta
1091 754 1271 814 Veronensis
1301 753 1397 834 quod

291 839 465 901 cboliambis
487 846 610 897 naturae
631 838 720 896 huius
740 840 826 898 metri
849 839 1058 898 convenienter
1078 837 1141 898 fere
1161 860 1222 898 non
1240 847 1287 899 est
1311 861 1397 899 usus

290 929 349 986 nisi
371 924 423 983 ubi
445 922 523 982 male
545 922 663 982 dicendi
685 930 737 981 aut
758 921 920 982 cavillandi
946 923 1102 982 consilium
1124 931 1207 984 esset.
1251 944 1318 1004 qna
1346 926 1392 984 ab

290 1030 396 1071 norma
421 1027 513 1066 unum
539 1008 650 1068 recedit
675 1029 698 1066 c.
721 1007 842 1080 XXXI,
869 1027 938 1066 nam
964 1009 997 1067 in
1023 1027 1047 1068 e.
1066 1008 1146 1068 VIII
1172 1008 1276 1069 saltem
1306 1009 1395 1070 levis
1460 1009 1461 1058 t

291 1094 437 1174 quaedam
458 1093 621 1152 ludificatio
644 1092 750 1152 subest.
784 1099 876 1152 restat
896 1099 930 1150 ut
945 1092 995 1152 bie
1011 1111 1130 1173 quoque
1146 1113 1287 1153 versuum
1307 1101 1393 1153 toto-

290 1200 356 1238 rum
377 1181 409 1237 in
431 1178 536 1237 iambis
559 1177 873 1256 hendecasyllabieque
899 1178 1090 1256 repetitorum
1116 1179 1274 1238 artificium
1303 1199 1391 1239 com·
1460 1195 1461 1204 ¹

291 1283 493 1336 memoremus,
511 1261 592 1342 quod
609 1265 667 1321 iam
682 1282 770 1340 supra
783 1283 844 1321 non
861 1261 1084 1340 inprobabiliter
1102 1263 1140 1321 ad
1155 1272 1288 1323 veterum
1309 1265 1391 1323 iam-

289 1349 509 1428 bographorum
526 1347 695 1426 exemplum
712 1365 866 1406 revocasse
882 1347 968 1406 noble
985 1346 1128 1406 videmur.

355 1433 477 1495 Graecis
499 1432 605 1492 studiis
623 1431 735 1492 Catulli
755 1435 787 1490 in
809 1451 869 1491 uno
892 1439 1050 1511 conspectu
1071 1434 1173 1511 positis
1196 1453 1251 1511 par
1273 1441 1324 1493 eet
1346 1433 1387 1494 de
1460 1467 1461 1492 t

289 1519 390 1580 indole
416 1521 486 1578 eius
505 1525 594 1596 atque
620 1520 741 1593 ingenio
762 1518 880 1595 exponi.
915 1537 974 1594 qua
995 1524 1095 1577 tamen
1116 1520 1149 1576 in
1174 1517 1386 1596 disputatione
1460 1565 1461 1568 η

288 1603 359 1664 licet
385 1604 470 1662 nobis
496 1601 680 1662 brevioribus
706 1620 778 1674 esee,
805 1603 945 1681 quoniam
971 1604 1042 1661 satie
1062 1602 1150 1680 plene
1173 1623 1262 1681 supra
1283 1607 1385 1662 vitam
1460 1623 1461 1658 i

288 1695 394 1768 poetae
412 1707 449 1747 ex
466 1689 540 1765 ipsis
558 1686 736 1744 carminibus
753 1685 884 1745 refietam
902 1686 1133 1746 inlustravimus.
1168 1687 1248 1766 quod
1265 1695 1302 1746 ut
1317 1689 1386 1748 fieri
1460 1721 1461 1768 3

290 1775 410 1831 omnino
432 1773 569 1850 potuerit,
592 1773 656 1830 eius
677 1773 721 1830 rei
743 1790 832 1829 causa
853 1779 915 1830 tota
936 1773 969 1829 in
991 1778 1098 1830 natura
1114 1771 1226 1832 Catulli
1248 1775 1310 1831 sita
1329 1781 1384 1832 eet.
1460 1773 1461 1778 ’

291 1859 400 1918 etenim
416 1857 466 1915 hic
482 1863 578 1935 poeta,
597 1858 622 1914 si
639 1876 735 1934 pauca
752 1858 883 1914 carmina
900 1857 1011 1914 maiora
1029 1864 1057 1917 et
1075 1855 1205 1916 doctiora
1222 1859 1384 1932 mittimus,

289 1942 366 2002 nibil
391 1942 454 2002 fere
478 1941 612 2000 versibus
638 1939 793 2000 mandavit
816 1943 875 1999 nisi
901 1940 980 2020 quod
1006 1943 1069 2020 ipse
1090 1943 1122 2001 in
1145 1944 1205 2001 vita
1226 1941 1305 2001 vidit
1330 1951 1385 2004 aut

290 2035 428 2106 expertus
447 2033 498 2100 eet,
521 2028 677 2106 variosque
699 2033 795 2084 motus
817 2045 885 2084 suos
907 2027 950 2084 sic
967 2027 1111 2105 expressit
1128 2033 1162 2085 ut
1184 2029 1382 2087 certissimam

289 2115 382 2173 enimi
399 2114 444 2173 sui
468 2113 628 2188 imaginem
645 2119 797 2191 tamquam
814 2110 947 2170 tabulam
964 2112 996 2169 in
1015 2110 1094 2171 claro
1111 2111 1223 2171 lumine
1241 2112 1384 2172 conloca·

288 2207 350 2258 tam
372 2199 496 2278 posteris
518 2197 677 2276 reliquerit.
717 2203 807 2276 atque
827 2198 860 2254 in
881 2196 939 2254 bac
960 2195 1118 2255 effectuum
1135 2199 1260 2257 veritate
1278 2199 1381 2274 gravi-
1460 2211 1461 2264 t

288 2291 408 2362 tateque
430 2302 544 2342 summa
566 2284 629 2341 eius
651 2283 747 2360 posita
769 2289 813 2339 est
835 2282 928 2339 virtue
949 2283 1072 2358 poetica
1113 2283 1162 2339 cui
1182 2281 1311 2340 finitima
1334 2290 1380 2342 eet

288 2371 364 2426 mira
377 2366 521 2445 quaedam
535 2366 716 2444 simplicitas,
730 2384 807 2445 quae
824 2385 891 2424 cum
901 2384 999 2424 carere
1012 2373 1074 2424 arte
1086 2365 1231 2441 videatur,
1244 2385 1380 2428 summae

289 2454 360 2510 artie
378 2455 497 2528 signum
514 2459 565 2509 est.
610 2449 746 2510 Catullus
764 2452 842 2509 enim
865 2469 952 2509 omne
974 2449 1216 2510 declamatorium
1233 2470 1378 2531 respuens

290 2538 419 2612 cogitata
444 2537 551 2594 mentis
577 2536 641 2593 sine
671 2534 739 2594 fuco
766 2541 854 2614 atque
880 2535 978 2594 verbis
1008 2539 1138 2596 maxime
1164 2537 1306 2615 cuiusque
1332 2541 1377 2598 rei

288 2622 414 2700 propriis
433 2620 516 2678 effert
532 2637 588 2678 nee
606 2617 769 2677 doctrinam
787 2619 923 2692 admittit,
942 2623 966 2679 ei
984 2621 1022 2680 ab
1040 2623 1083 2679 eie
1101 2621 1279 2680 carminibus
1295 2640 1376 2682 rece·

289 2706 387 2764 dimus
404 2707 436 2763 in
454 2704 561 2784 quibus
579 2702 793 2762 Alexandrinis
810 2705 943 2781 vestigiis
958 2707 1123 2765 accuratius
1140 2705 1306 2783 ingreditur
1323 2715 1377 2766 aut

287 2811 342 2871 per
362 2790 465 2849 ludum
487 2791 643 2868 iocumque
664 2788 860 2848 reconditiora
882 2790 1037 2862 admiscet,
1062 2793 1145 2850 utin
1163 2811 1186 2850 c.
1205 2791 1268 2850 LV.
1303 2811 1375 2850 nam
1460 2789 1461 2814 l

288 2878 448 2937 festivitate
472 2881 635 2955 quoquest
656 2873 756 2953 lepore
773 2875 899 2951 insignis
916 2881 968 2934 eet
1009 2874 1054 2934 his
1071 2875 1229 2934 virtutibus
1247 2875 1377 2934 efficitur

287 2970 321 3021 ut
343 2963 474 3021 carmina
496 2963 559 3019 eius
582 2956 699 3019 assidue
722 2979 776 3019 nos
798 2967 927 3020 teneant.
970 2962 1081 3039 quippe
1098 2961 1166 3019 talis
1184 2962 1280 3039 poesis
1297 2961 1375 3020 nulli

286 3067 348 3106 nou
366 3045 482 3106 saeculo
501 3047 647 3104 convenit.
673 3051 707 3103 ut
725 3051 823 3103 autem
837 3064 913 3122 quae
931 3046 1109 3121 generaliter
1125 3044 1254 3104 diximus
1270 3048 1375 3125 paucis

288 3131 431 3210 exemplis
453 3130 668 3204 confirmemus,
691 3132 757 3209 quis
778 3130 893 3187 itineris
915 3128 1045 3189 faciendi
1066 3129 1258 3208 cupiditatem
1275 3133 1375 3192 verius

287 3216 387 3276 verbis
403 3215 561 3274 inlustrare
578 3217 670 3293 possit
689 3234 777 3294 quam
793 3213 937 3287 Catullus,
956 3234 1023 3274 cum
1040 3217 1082 3274 ait
1100 3216 1173 3274 ‘iam
1189 3233 1272 3274 mene
1289 3235 1376 3294 prae-

287 3298 439 3378 trepidans
463 3307 531 3358 avet
551 3301 665 3376 vagari,
687 3300 753 3358 Iam
774 3299 847 3358 laeti
868 3298 965 3357 studio
987 3299 1076 3377 pedes
1098 3297 1287 3377 vigescunt'?
1318 3311 1378 3361 aut

288 3386 355 3464 quis
368 3384 549 3461 voluptatem
562 3384 645 3443 illam
658 3403 748 3462 quam
761 3403 779 3444 e
795 3384 888 3461 longa
904 3387 1141 3462 peregrinatione
1155 3384 1274 3444 domum
1285 3385 1377 3447 modo

286 3471 399 3530 reversi
423 3470 574 3547 percipere
605 3469 731 3527 solemus
761 3471 869 3528 rectius
897 3468 1134 3550 commodiusque
1160 3469 1260 3550 eloqui
1285 3489 1376 3550 quam

286 3554 422 3615 versibus
440 3553 520 3612 hisce
543 3552 574 3611 ιο
591 3552 665 3630 quid
683 3553 785 3612 solutis
803 3561 847 3612 est
863 3553 979 3614 beatius
997 3558 1082 3627 euris,
1107 3554 1183 3613 Cum
1200 3574 1283 3614 mene
1299 3575 1375 3615 onus

287 3641 411 3719 reponit,
440 3658 475 3696 ac
498 3639 653 3716 peregrino
675 3637 792 3697 Labore
819 3637 889 3698 fessi
911 3640 1047 3698 venimus
1067 3639 1160 3699 larem
1182 3638 1221 3698 ad
1243 3647 1374 3700 nostrum

286 3724 524 3803 Desideratoque
550 3721 768 3800 adquiescimus
794 3721 906 3782 lecto’?
931 3742 1008 3802 quae
1033 3724 1153 3803 quidem
1178 3724 1272 3784 verba
1290 3725 1373 3799 mihi,

288 3831 355 3869 cum
373 3817 442 3868 ante
460 3808 574 3888 aliquot
588 3826 682 3866 annos
696 3826 713 3868 e
728 3805 855 3867 Graecia
872 3806 1022 3882 redissem,
1040 3811 1143 3888 primis
1160 3807 1265 3869 diebus
1282 3829 1373 3888 usque

288 3896 444 3956 obversata
470 3901 539 3953 sunt
565 3899 667 3970 utpote
692 3895 812 3971 proprio
834 3895 934 3952 sensui
955 3894 1043 3972 plane
1065 3893 1284 3972 respondentia.
1316 3894 1373 3954 hac

287 3982 402 4040 ratione
416 3978 551 4039 Catullus
568 3979 647 4037 iuter
659 3977 783 4036 Latinos
801 3985 903 4056 poetas
921 3978 978 4038 sibi
995 3998 1097 4058 parem
1113 3979 1203 4040 habet
1218 3981 1371 4038 neminem.

289 4064 367 4142 quod
385 4083 475 4144 quam
488 4083 557 4123 vere
570 4062 684 4123 dictum
702 4064 740 4121 eit
754 4065 863 4141 optime
876 4081 915 4122 ex
933 4065 975 4124 eis
993 4065 1173 4124 carminibus
1190 4066 1374 4142 cognoscitur

288 4167 366 4227 quae
381 4156 501 4228 propter
518 4156 759 4226 argumentorum
777 4147 1000 4209 similitudinem
1019 4169 1085 4208 cum
1103 4150 1228 4208 aliorum
1241 4152 1372 4210 carmini-
