2968 4990
281 387 392 431 CXXXIV
664 381 841 426 aureonno
864 381 987 424 emulos

280 505 373 565 verba
394 506 497 562 multus
517 503 595 561 loma
616 501 690 580 quid
711 501 832 560 valeant
852 519 957 579 parum
974 505 1096 559 constat.
1140 498 1193 561 sed
1208 501 1384 581 loquacita-

281 600 341 650 tem
359 592 401 649 eis
419 589 517 649 notari
533 587 607 646 mihi
624 586 745 666 quidem
762 587 891 645 maximo
907 585 1061 664 probabile
1078 583 1204 645 videtur.
1243 586 1383 647 Plautus

280 674 465 736 Menaechm.
488 673 549 733 313
572 672 610 732 V.
640 671 715 748 (315
738 667 789 742 R.)
815 670 977 730 ‘hominem
1011 669 1138 728 multum
1171 677 1202 730 et
1235 671 1381 732 odiosum

280 760 376 830 mihi',
392 758 539 818 Afranius
549 757 656 815 2023.
683 755 790 814 ‘multa
802 774 838 814 ac
851 754 975 815 molesta
991 753 1034 814 es’
1054 753 1140 813 dixit.
1166 775 1257 834 quare
1269 759 1381 816 nascio

281 867 321 905 an
337 847 521 924 epigramma
537 842 593 901 hoc
610 843 653 899 ita
669 838 880 918 explicandum
896 841 949 899 ait:
972 837 1073 899 ‘homo
1091 857 1122 900 es
1139 839 1259 919 loquax,
1278 841 1380 914 Naso,

282 930 335 990 sed
352 948 391 988 ne
407 928 519 1006 loquax
537 924 657 1005 quidem
672 925 760 984 homo
778 933 823 984 est
843 925 896 1005 qni
911 931 1011 984 tecum
1027 926 1059 983 in
1076 923 1230 1003 publicum
1247 924 1379 1004 prodeat

282 1013 333 1090 (de
355 1014 413 1072 hac
432 1011 516 1071 verbi
538 1009 617 1090 quod
636 1017 682 1070 est
703 1011 868 1068 descendere
885 1009 1103 1086 significatione
1120 1009 1198 1069 conf.
1215 1010 1380 1070 Bentleius

281 1099 321 1158 ad
338 1098 411 1158 Hor.
430 1099 513 1176 epist.
531 1096 550 1155 l
568 1097 609 1155 20
626 1092 668 1171 5),
690 1114 760 1154 nam
778 1114 839 1154 non
856 1093 950 1154 solum
967 1093 1077 1174 loquax
1097 1113 1136 1168 es,
1158 1097 1380 1155 summatim

281 1183 448 1328 pathdlollllib'
468 1270 484 1324 1
502 1267 637 1326 dlrnrano
658 1267 734 1324 saltu
756 1262 847 1323 editio
864 1262 978 1322 Aldina
999 1263 1183 1322 anni1502.
1216 1265 1381 1322 dl'rmanue

281 1357 369 1412 saluis
394 1353 431 1412 V.
474 1353 626 1410 Mmanaa
648 1351 724 1408 sala
748 1348 960 1407 Lachmannus
982 1349 1191 1429 Hauptiusque
1214 1369 1281 1408 cum
1302 1349 1379 1408 Pal-

280 1438 370 1498 ladio.
413 1435 493 1517 quod
518 1455 590 1495 num
611 1433 794 1512 probabilem
810 1436 843 1492 in
860 1432 980 1492 modum
997 1434 1141 1512 explicari
1157 1436 1259 1512 possit,
1281 1433 1378 1494 valde

282 1523 394 1584 dubito.
439 1529 518 1581 certe
540 1519 690 1580 Schwabii
716 1520 750 1577 in
771 1526 885 1597 quaest.
903 1517 1012 1578 Catull.
1031 1519 1092 1576 227
1108 1538 1145 1578 ss.
1167 1517 1205 1578 do
1225 1519 1375 1578 Firmano

281 1607 416 1668 Mentula
434 1605 593 1685 disputatio
610 1603 649 1663 ad
666 1601 756 1663 fidem
772 1602 941 1663 faciendam
957 1604 1080 1663 minimo
1093 1610 1164 1683 apta
1176 1610 1228 1663 est.
1255 1603 1377 1664 accedit

281 1692 370 1773 quod,
398 1710 465 1751 cnm
494 1707 605 1750 nomen
629 1687 783 1748 Mentulae
814 1687 960 1747 adiectivo
991 1689 1112 1747 omnino
1142 1708 1205 1747 non
1234 1687 1376 1766 indigeat

281 1795 386 1857 nequo,
410 1779 436 1836 si
452 1774 608 1852 indigeret,
629 1773 724 1834 tribus
740 1773 840 1832 verbis
862 1773 900 1832 ab
918 1792 953 1832 eo
971 1779 1137 1852 separatum
1155 1781 1240 1846 esset,
1266 1780 1375 1832 contra

281 1861 416 1922 absoluto
440 1862 569 1939 positum
594 1857 671 1917 illud
696 1860 772 1916 saltn
800 1857 990 1918 vehementer
1015 1856 1165 1936 displicet,
1196 1859 1374 1937 praesertim

282 1967 349 2008 cum
366 1965 394 2004 v.
414 1948 433 2002 2
458 1946 643 2005 enuntiatum
664 1942 822 2003 relativum
839 1949 979 2022 sequatur
994 1962 1056 2002 non
1073 1961 1112 2003 ex
1128 1945 1266 2022 propiore
1281 1962 1375 2002 voca·

280 2033 351 2094 bulo
373 2033 511 2102 Mentula,
538 2028 591 2089 sed
617 2047 656 2090 ex
680 2029 837 2088 remotiore
861 2029 938 2086 aulus
959 2046 1142 2107 suspensum.
1185 2046 1246 2086 non
1269 2035 1372 2087 antem

280 2119 375 2178 nimia
392 2116 517 2176 andacia
537 2116 671 2173 dinnano
694 2112 849 2172 scribimus
869 2131 923 2190 pro
939 2113 1102 2185 dimanans,
1120 2114 1262 2191 quoniam
1277 2112 1374 2172 verbo

281 2207 356 2262 saltu
379 2201 469 2262 semel
490 2203 523 2259 in
545 2202 634 2258 saluis
655 2205 791 2276 corrupto
813 2215 995 2277 consequens
1017 2204 1082 2257 erat
1105 2205 1141 2256 ut
1165 2196 1374 2276 praecedentis

281 2288 422 2348 adiectivi
442 2286 611 2346 terminatio
632 2285 747 2342 nomini
772 2281 853 2361 qnod
874 2291 918 2343 est
940 2284 1069 2341 Mentula
1089 2280 1371 2342 accommodaretur.

222 2411 224 2416 ·
281 2391 337 2432 nec
362 2390 499 2431 veremur
523 2372 649 2448 nequis
671 2367 947 2427 buioconiocturae
972 2365 1090 2426 diffidat
1115 2374 1272 2446 propterea
1297 2369 1373 2445 quia

282 2457 374 2516 saltus
391 2453 544 2516 Mentulae
565 2473 589 2512 c.
608 2452 695 2513 CXV
713 2453 731 2510 6
754 2451 862 2532 ‘usqne
883 2451 923 2511 ad
943 2452 1155 2531 Hyperboreos
1177 2459 1207 2511 et
1227 2469 1309 2511 mare
1331 2451 1372 2510 ad

283 2539 448 2602 Oceanum’
480 2536 601 2598 extendi
628 2537 743 2596 dicitur.
790 2539 849 2595 ista
874 2537 954 2597 enim
979 2537 1073 2596 verba
1096 2538 1199 2617 utique
1225 2555 1289 2597 esse
1316 2556 1372 2615 pro

282 2627 397 2702 ingenti
414 2623 612 2703 superlaticne
628 2620 766 2681 habenda
784 2620 974 2681 manifestum
986 2629 1039 2682 est.
1052 2651 1096 2664 -·
1113 2622 1133 2680 3
1151 2623 1273 2698 aucupia
1288 2620 1369 2680 Itali.

280 2711 402 2788 aucupia
418 2707 457 2770 G.
492 2729 530 2765 an
548 2709 630 2784 cupid
647 2705 683 2767 Ο.
718 2710 865 2782 aucupium
877 2706 1087 2766 Lachmannus
1103 2706 1314 2785 Hauptiusqna
1332 2725 1372 2766 ex

282 2797 320 2856 D.
336 2826 381 2838 ·-
398 2795 417 2853 6
435 2794 544 2852 modulo
561 2794 673 2872 scripsi,
691 2800 725 2851 ut
741 2793 886 2852 sententia
902 2793 955 2852 sit:
980 2790 1100 2852 ‘saltum
1117 2791 1281 2863 laudemus,
1298 2790 1371 2850 dum

166 2951 170 2961 Ι
282 2900 321 2942 ne
354 2879 464 2939 babeat
497 2876 618 2938 modum
649 2875 741 2937 saltus
771 2875 908 2936 dominus
937 2877 1108 2956 fructusque
1138 2875 1208 2936 inde
1236 2874 1370 2936 redditos

281 2966 447 3044 sumptibus
468 2961 623 3043 exuperot’
642 2958 684 3038 (v.
702 2958 744 3036 4).
787 2963 866 3019 modo
888 2961 1013 3035 codices,
1034 2960 1115 3040 quod
1135 2963 1244 3021 retinet
1259 2961 1370 3020 Mnnro

281 3072 311 3130 p.
329 3052 432 3123 2242,
459 3068 526 3109 cnm
551 3068 613 3108 non
637 3067 691 3126 pro
718 3044 867 3117 adverbio,
894 3046 947 3106 scd
971 3066 1024 3125 pro
1049 3046 1235 3105 substantivo
1261 3048 1371 3124 accipit

282 3135 475 3214 similiterque
491 3141 581 3214 atqm
598 3151 654 3209 ogo
671 3131 770 3192 locum
786 3130 924 3208 explicat.
958 3130 1010 3191 sed
1028 3129 1166 3210 displicet
1178 3129 1367 3207 ambiguitas.
1471 3169 1472 3182 .

282 3220 321 3280 ad
339 3240 433 3298 genus
450 3218 670 3298 depravationis
687 3216 765 3276 conf.
782 3215 859 3275 LXI
879 3217 938 3275 182
957 3224 987 3275 et
1005 3216 1075 3288 188,
1093 3215 1146 3275 ubi
1159 3218 1274 3292 puellae
1287 3219 1369 3291 pael-

281 3309 339 3364 lam
355 3323 407 3382 pro
421 3305 565 3379 puellulae
579 3305 733 3378 puellulam
749 3304 782 3360 in
799 3301 836 3361 V.
880 3303 959 3359 domo
976 3301 1127 3379 Hauplius
1145 3319 1183 3360 ex
1201 3301 1369 3360 coniectura

282 3389 468 3449 Lachmanni
489 3386 579 3463 (conl.
601 3387 650 3446 hio
673 3386 712 3446 ad
728 3387 816 3458 anr.
837 3384 919 3462 196).
963 3406 1052 3466 quam
1073 3393 1107 3445 nt
1129 3403 1306 3464 spernerem,
1333 3404 1370 3444 eo

280 3474 466 3554 potissimum
478 3471 623 3532 adductus
640 3491 705 3531 sum
719 3471 800 3551 quod
817 3474 908 3529 saltus
924 3472 957 3530 in
973 3471 1030 3530 hoc
1048 3472 1186 3542 carmine,
1204 3476 1238 3528 ut
1254 3471 1287 3528 in
1303 3472 1367 3528 mi

282 3559 486 3638 subsequentis
504 3558 732 3635 epigrammatis,
750 3555 829 3615 idem
846 3555 908 3616 fere
926 3554 1067 3634 estquod
1081 3556 1241 3632 praedium,
1257 3556 1291 3613 in
1309 3573 1368 3632 quo

282 3644 370 3706 aedes
395 3661 513 3722 quoque
539 3659 680 3719 casasque
705 3639 797 3699 fuisse
818 3648 1047 3700 consentaneum
1073 3647 1127 3715 est,
1154 3642 1197 3698 ita
1218 3646 1252 3698 ut
1272 3640 1370 3698 donnus

281 3750 386 3810 parum
404 3734 473 3806 apte
491 3728 519 3786 ei
536 3727 645 3804 opponi
662 3723 806 3784 videatur.

347 3813 468 3874 CXVI
497 3812 625 3869 Mentula
655 3810 736 3868 dalet
766 3813 845 3868 lanta
869 3810 1003 3890 Hoysins
1029 3807 1213 3887 Scaligerum
1243 3815 1368 3870 secutus.

282 3901 410 3959 Mentula
430 3897 511 3958 ualet
533 3899 625 3955 instar·
645 3891 732 3970 (latur
748 3891 789 3969 Ο)
807 3895 845 3956 V.
888 3896 1025 3968 Mentula,
1051 3895 1137 3953 lobea
1160 3897 1252 3952 instar
1273 3893 1369 3954 Laeb-

282 4003 417 4055 mannus,
444 4002 511 4042 cum
538 3999 632 4060 eoque
656 3979 815 4059 Hauptius.
858 3999 962 4040 verum
988 3978 1118 4040 emunda
1138 3978 1223 4039 verbi
1243 3995 1369 4056 persona

281 4089 388 4148 parum
405 4066 577 4148 probabilis,
599 4067 739 4144 quoniam
756 4083 796 4124 ne
813 4066 845 4123 in
861 4066 982 4145 reliquis
1000 4063 1120 4144 quidem
1137 4081 1214 4142 quae
1231 4061 1269 4122 de
1286 4064 1369 4122 Mon·

281 4154 348 4214 tula
368 4163 397 4214 at
419 4152 456 4212 de
477 4153 627 4211 Mamurra
651 4159 720 4210 sunt
742 4150 921 4210 carminibus
943 4169 1068 4230 usquam
1089 4151 1186 4230 ipsum
1208 4155 1297 4228 poeta
1319 4147 1368 4208 ad·
