2954 4990
515 365 742 410 saonncounua
1065 366 1175 420 xxxma,

72 506 167 545 usum
180 505 250 546 esse.
277 505 380 546 verum
393 484 505 544 futtilia
514 492 583 544 sunt
596 505 713 564 prorsus
723 484 830 564 quibus
839 483 959 543 adducti
968 483 1173 564 Westphalius

74 592 106 650 p.
133 571 229 630 1571.
252 570 289 631 de
312 570 344 630 O.
369 571 520 649 Septimio,
544 570 640 630 scriba
661 570 762 629 Bibuli
783 569 920 642 consulis,
943 569 1067 629 Ellisius
1093 589 1170 628 com·

75 663 170 715 ment.
192 677 221 735 p.
245 657 306 716 378
330 654 367 715 de
388 657 429 714 M.
452 656 589 714 Iuventio
612 654 767 715 Laterensi
789 657 1002 732 cogitaverunt.
1024 687 1066 696 —
1084 673 1173 732 argu-

75 748 180 800 mento
198 741 294 801 simile
312 748 356 800 est
374 761 397 799 c.
418 739 531 813 CVIII,
551 742 582 798 in
600 759 659 819 quo
682 748 769 819 pocta
786 741 818 798 in
836 739 1005 799 Cominium
1023 739 1171 818 quendam

77 826 118 885 ob
146 827 297 885 inimicam
328 825 472 885 bonorum
496 825 630 901 linguam
660 824 851 886 vehementer
880 824 1042 898 invehitur,
1075 842 1173 903 neque

75 917 177 988 potest
195 909 325 970 dubitari
343 913 416 990 quin
432 910 490 969 hoo
504 929 621 989 quoque
639 911 821 989 epigramma
838 909 878 968 ad
894 908 1029 988 publicas
1043 929 1089 969 res
1105 927 1171 988 per·

75 998 175 1054 tineat
192 991 282 1071 (conf.
301 1017 329 1054 v.
351 999 368 1052 1
388 1004 418 1055 et
435 993 476 1072 3),
499 994 747 1074 probabiliterque
763 997 823 1053 iam
840 995 865 1052 Ι.
882 995 1003 1072 Lipsius
1019 1014 1081 1054 var.
1103 994 1172 1054 lect.

75 1080 127 1140 IV
145 1080 164 1138 b
183 1084 279 1140 notari
297 1082 462 1159 suspicatus
480 1087 525 1138 eet
540 1079 575 1139 P.
598 1078 767 1139 Cominium
784 1082 921 1159 equitem,
940 1079 1075 1138 odiosum
1092 1079 1170 1158 apud

75 1164 224 1244 populum
250 1173 458 1237 accusatorem,
486 1171 589 1223 contra
614 1183 701 1243 quem
724 1163 829 1232 Cicero
850 1185 876 1223 a.
900 1161 1014 1242 689s65
1039 1164 1172 1224 defendit

77 1249 113 1308 0.
138 1249 317 1309 Cornelium.
354 1248 431 1308 conf.
449 1249 511 1308 cic.
529 1249 612 1308 Brut
635 1247 653 1323 ᾖ
675 1250 747 1307 271.
786 1248 934 1308 Asconius
956 1269 984 1328 p.
1009 1250 1049 1307 52
1068 1270 1105 1308 se.
1124 1248 1171 1309 ed.

75 1335 177 1394 Berol.
203 1355 307 1395 verum
334 1337 502 1394 coniectura
528 1333 690 1407 Schwabii,
718 1335 769 1413 qui
790 1354 819 1412 p.
844 1335 904 1392 319
925 1353 961 1392 ss.
989 1336 1171 1413 epigramma

77 1417 285 1478 Catullianum
307 1419 346 1477 ad
367 1422 462 1497 ipsam
483 1419 561 1478 hanc
584 1421 731 1478 actionem
752 1417 855 1478 referri
877 1418 1043 1493 arbitratur,
1070 1420 1129 1477 iam
1153 1439 1172 1478 a

74 1507 221 1582 temporis
238 1504 401 1564 rationibus
419 1523 524 1582 parum
541 1503 803 1563 commendationis
816 1503 915 1562 babet.
929 1535 971 1546 -
984 1503 1084 1582 paullo
1103 1523 1171 1562 con-

75 1589 222 1648 fidentius
239 1588 276 1648 de
295 1610 319 1648 c.
333 1589 501 1648 LXXXIV
519 1587 617 1648 dicere
633 1588 711 1660 licet,
730 1589 943 1668 epigrammate
960 1587 1041 1667 apud
1058 1597 1171 1648 veteres

75 1673 176 1733 nobili
197 1670 287 1749 (conf.
311 1670 435 1747 Quintil.
458 1674 473 1732 Ι
497 1674 515 1731 5
540 1672 602 1751 20),
629 1674 661 1731 in
687 1693 745 1752 quo
768 1679 855 1752 poeta
876 1672 998 1732 Arrium
1021 1673 1171 1753 quendam

75 1758 186 1818 litteris
203 1761 310 1818 vitiose
327 1758 478 1837 adspirare
496 1757 614 1818 solitum
636 1756 795 1818 admodum
816 1757 915 1837 lepide
937 1765 967 1818 et
987 1759 1085 1818 iocose
1105 1777 1171 1837 per·

77 1845 207 1920 stringit.
233 1844 314 1903 huno
331 1863 394 1904 esse
412 1840 449 1917 Q.
468 1842 589 1902 Arrium
608 1862 674 1902 eum
693 1861 781 1922 quem
800 1842 903 1903 Cicero
920 1845 953 1902 in
966 1843 1058 1903 Bruto
1077 1842 1170 1918 §242

78 1928 155 1986 dicit
176 1928 218 1988 M.
238 1928 338 1988 Crassi
359 1931 445 2008 quasi
467 1928 661 1988 secundarum
685 1929 784 2000 luisse,
813 1929 841 1986 h.
864 1947 889 1988 e.
911 1947 1000 2006 saepe
1022 1948 1082 1988 una
1104 1949 1171 1990 cum

76 2013 132 2072 illo
150 2015 183 2073 in
200 2013 311 2074 eisdem
329 2017 426 2073 causis
442 2032 603 2091 perorasse,
627 2011 679 2072 sed
696 2015 739 2071 ita
756 2031 870 2092 semper
886 2021 920 2071 ut
940 2016 1051 2091 primas
1072 2021 1171 2092 partes

76 2096 188 2158 Crasso
210 2101 400 2178 permitteret,
422 2096 508 2157 haud
529 2096 724 2177 inprobabilis
745 2105 789 2157 est
810 2100 978 2157 coniectura
999 2106 1028 2156 et
1044 2098 1172 2158 Bruneri

76 2204 108 2262 p.
129 2183 189 2242 647
213 2192 243 2242 et
264 2183 414 2244 Schwabii
434 2205 463 2262 p.
487 2183 557 2242 325.
596 2184 647 2262 qui
668 2182 755 2242 ambo
779 2180 813 2255 Q.
831 2183 954 2242 Arrium
975 2190 1119 2242 oratorem
1142 2191 1172 2242 et

78 2271 287 2343 cognominem
303 2275 468 2348 praetorem
486 2270 557 2326 anni
575 2263 689 2346 681173
708 2288 801 2326 unum
819 2266 1004 2347 eundemque
1020 2267 1170 2326 hominem

76 2351 174 2414 fuisse
194 2361 314 2412 sumunt
334 2353 544 2432 praeeuntibus
567 2374 634 2412 cum
657 2352 724 2412 aliis
745 2361 809 2411 tum
825 2352 989 2429 Borghesio
1010 2355 1042 2411 in
1065 2351 1171 2413 disser-

76 2441 193 2498 tatione
211 2438 248 2498 de
265 2447 354 2515 gente
370 2437 468 2512 Arria,
491 2458 537 2518 op.
555 2438 581 2512 I,
599 2458 627 2517 p.
647 2438 687 2496 68
702 2458 739 2497 ss.
758 2457 833 2518 quae
852 2440 999 2498 sententia
1020 2457 1090 2497 sane
1110 2459 1170 2498 cor·

76 2531 186 2597 rueret,
213 2527 239 2583 si
264 2523 338 2584 fides
363 2522 502 2583 habenda
528 2533 604 2584 esset
629 2523 804 2584 scholiastae
828 2523 1019 2585 Gronoviano
1045 2521 1084 2582 ad
1107 2523 1169 2584 Cic.

78 2607 203 2667 divinat.
225 2629 255 2688 p.
278 2609 339 2670 382
363 2608 423 2682 Or,
447 2610 498 2688 qui
519 2618 685 2688 praetorem
707 2627 795 2689 quem
818 2608 946 2670 diximus
968 2627 1170 2669 successurum

79 2691 114 2752 O.
132 2693 218 2753 Verri
234 2696 291 2754 iter
307 2693 466 2754 facientem
487 2695 519 2752 in
537 2693 670 2754 Siciliam
693 2696 725 2753 in
742 2696 794 2752 via
815 2693 974 2754 decessisse
996 2702 1105 2754 narrat.
1140 2704 1170 2754 et

82 2777 188 2837 confisi
205 2788 275 2838 sunt
291 2779 361 2838 huic
376 2780 544 2839 testimonio
562 2779 725 2859 conplures,
744 2779 826 2838 velut
842 2779 900 2838 Th.
913 2780 1112 2839 Mommsenus
1130 2778 1169 2837 ad

76 2863 220 2940 Borghcs.
247 2863 267 2922 l.
291 2885 315 2923 c.
342 2885 371 2942 p.
395 2865 444 2937 72,
470 2864 508 2922 E.
528 2863 697 2941 Herzogius
724 2866 756 2922 in
778 2864 889 2942 Paulyi
915 2863 1115 2942 encyolop.1,
1139 2866 1167 2938 2,

75 2969 108 3027 p.
128 2948 217 3006 1757
228 2947 273 3008 ed.
293 2951 321 3021 2,
340 2948 400 3008 alii.
435 2967 538 3008 verum
556 2967 611 3024 ego
630 2948 749 3028 quidem
767 2948 865 3008 facere
881 2968 943 3006 non
959 2967 1078 3025 possum
1095 2950 1169 3026 quin

76 3035 213 3092 Brunero
230 3031 250 3090 l.
269 3053 293 3092 c.
312 3039 341 3091 et
358 3032 540 3111 Nipperdeio
559 3053 657 3111 opusc.
675 3054 703 3112 p.
719 3033 781 3091 310
798 3054 828 3091 n.
847 3032 1003 3105 adsentiar,
1022 3034 1074 3111 qui
1087 3033 1169 3091 Arrii

76 3119 223 3196 praetoris
244 3118 278 3176 in
298 3118 405 3178 itinere
426 3125 550 3176 mortem
572 3118 670 3177 fictam
693 3137 757 3176 esse
778 3126 901 3177 censent
922 3136 956 3176 eo
979 3117 1100 3177 consilio
1126 3126 1167 3192 ut,

78 3223 132 3261 cur
152 3201 203 3262 ille
223 3202 311 3262 Verri
332 3222 394 3261 non
420 3204 613 3275 successisset,
640 3201 721 3261 facili
747 3201 834 3262 modo
861 3202 1064 3281 explicaretur.
1098 3225 1167 3262 nam

79 3287 196 3360 Cicero,
219 3307 286 3347 curn
308 3294 364 3346 act
387 3287 422 3346 11
442 3289 475 3346 in
491 3287 575 3348 Verr.
597 3287 616 3345 l.
635 3287 681 3346 IV
699 3288 740 3346 20
758 3288 798 3345 42
821 3289 864 3346 sic
885 3287 1027 3367 loquitur,
1054 3288 1169 3367 ‘postea

81 3391 151 3432 vero
170 3392 258 3451 quam
281 3371 492 3432 intellexerunt
509 3371 616 3448 (Siculi
637 3380 667 3431 et
689 3375 768 3431 cives
790 3374 823 3431 in
841 3372 944 3434 Sicilia
960 3371 1101 3449 Romani)
1119 3377 1168 3435 isti

79 3454 191 3534 (Verri)
226 3460 323 3518 vuum
357 3457 475 3530 fortem,
512 3477 600 3537 quem
634 3476 747 3517 summe
781 3460 934 3536 provincia
968 3459 1167 3538 exspectabat,

80 3541 116 3617 Q.
142 3541 277 3617 Arrium,
304 3564 365 3603 non
391 3542 569 3616 succedere',
599 3562 661 3603 non
690 3542 777 3602 modo
803 3543 879 3602 nihil
905 3543 942 3603 de
967 3555 1059 3605 morte
1084 3543 1168 3603 Arrii

79 3628 236 3705 significat,
260 3627 312 3688 sed
330 3647 368 3688 ne
384 3629 528 3708 potuisset
546 3627 666 3707 quidem
682 3630 725 3687 ita
743 3627 849 3702 dicere,
872 3630 898 3688 si
919 3627 970 3688 ille
987 3632 1070 3688 exitu
1087 3631 1168 3688 vitae

79 3731 118 3772 ne
133 3712 221 3773 Verri
238 3713 408 3774 succederet
424 3713 582 3792 impeditus
600 3721 684 3773 esset.
719 3722 821 3772 contra
838 3716 991 3794 aptissima
1008 3722 1076 3774 sunt
1093 3714 1167 3773 haec

78 3798 176 3872 verba,
196 3800 222 3858 si
238 3797 344 3858 Arrius
368 3799 427 3858 alia
445 3800 598 3878 provincia
620 3818 658 3858 ne
679 3801 710 3857 in
729 3799 862 3859 Siciliam
884 3799 979 3860 abiret
999 3798 1166 3877 prohibitus

79 3891 148 3944 crat.
184 3902 260 3963 quae
278 3885 374 3964 qualis
391 3883 495 3943 fuisset
511 3886 662 3962 perspexit
678 3885 859 3961 Borghesius
875 3884 896 3942 l.
915 3903 938 3943 c.
956 3905 984 3962 p.
1001 3885 1049 3942 66.
1081 3885 1166 3942 nimi·
1185 3947 1192 3958 ¹

78 3989 143 4027 rum
162 3971 307 4028 exercitus
328 3971 361 4028 in
383 3969 462 4029 bello
486 3970 587 4028 servili
609 3968 761 4029 ducendus
784 3971 965 4049 propraetori
987 3967 1073 4026 datus
1095 3977 1166 4028 erat.

78 4052 192 4113 accedit
213 4054 292 4134 quod
314 4056 366 4135 qui
392 4062 536 4114 oratorem
559 4051 595 4128 Q.
618 4054 739 4113 Arrium
762 4075 779 4112 a
801 4061 934 4134 praetore
957 4054 1028 4112 anni
1051 4049 1164 4132 caque

78 4139 228 4200 diversum
255 4158 319 4201 esse
344 4138 479 4200 iudicant
503 4141 536 4197 in
562 4138 636 4200 alias
662 4138 853 4200 difficultates
878 4137 1020 4198 incidunt.
1056 4141 1166 4220 quippe
