2976 5004
363 353 408 421 aa
795 367 965 426 aarum

366 515 441 557 nam
458 489 537 556 mihi
555 511 651 574 quam
669 488 791 556 dederit
809 492 928 577 duplex
945 492 1137 560 Amathusia
1154 517 1262 563 curam

409 585 505 661 scitis,
524 595 555 650 et
571 585 605 650 in
622 606 686 668 quo
703 607 755 650 me
772 587 924 651 corruerit
942 609 1069 671 genere,

367 704 441 747 cum
458 690 581 744 tantum
599 679 743 744 arderem
760 691 913 761 quantum
932 681 1098 746 Trinacria
1115 705 1210 768 rupes

306 817 307 822 κ
408 773 602 858 lymphaque
620 772 653 836 in
673 770 803 838 Oetaeis
821 773 924 838 Malia
941 774 1175 861 Thermopylis,

311 885 350 939 55
366 879 487 933 maesta
504 888 609 950 neque
627 865 759 930 adsiduo
778 867 941 932 tabescere
958 869 1079 932 lumina
1096 872 1171 935 fletu

409 972 570 1026 cessarent
587 960 731 1041 tristique
748 960 849 1026 imbre
868 961 996 1026 madere
1014 985 1125 1047 genae,

366 1056 468 1138 qualis
485 1053 519 1118 in
537 1053 613 1118 aerii
630 1055 796 1139 perlucens
814 1055 933 1120 vertice
950 1057 1065 1120 montis

407 1149 494 1212 rivus
507 1168 658 1211 'muscoso
675 1147 800 1232 prosilit
818 1170 837 1213 e
854 1148 971 1232 lapide,

365 1241 420 1327 qui
438 1263 511 1306 cum
529 1239 569 1304 de
587 1262 686 1325 prona
704 1263 856 1326 praeceps
875 1253 922 1306 est
939 1241 1022 1307 valle
1039 1242 1177 1320 volutus,

309 1352 349 1407 ao
408 1357 465 1420 per
482 1334 624 1399 medium
642 1335 760 1399 sensim
777 1335 888 1399 transit
905 1336 965 1400 iter
983 1337 1102 1421 populi,

366 1429 459 1494 dulce
476 1428 591 1494 viatori
605 1428 689 1493 lasso
707 1427 740 1493 in
760 1427 874 1493 sudore
892 1430 1047 1506 levamen,

409 1546 482 1589 cum
499 1522 606 1607 gravis
616 1533 752 1588 ,exustos
770 1533 876 1588 aestus
893 1523 1013 1588 hiulcat
1032 1545 1136 1609 agros.

365 1616 428 1694 hic,
446 1617 534 1682 velut
551 1615 584 1679 in
602 1615 693 1700 nigro
710 1616 833 1681 iactatis
852 1616 979 1681 turbine
996 1617 1101 1683 nautis

329 1767 332 1772 .
408 1710 510 1775 lenius
528 1709 692 1795 adspirans
711 1732 788 1774 aura
806 1710 946 1775 secunda
962 1711 1050 1774 venit

307 1820 349 1876 «65
365 1805 430 1869 iam
446 1825 541 1887 prece
558 1802 710 1879 Pollucis,
728 1803 791 1867 iam
810 1803 952 1868 Castoris
970 1805 1136 1889 inplorata,

409 1897 472 1962 tale
490 1897 551 1961 fuit
568 1897 659 1962 nobis
677 1896 784 1961 Allius
802 1897 965 1962 auxilium.

365 1991 393 2057 is
410 1993 555 2056 clausum
573 1992 636 2054 lato
654 1990 805 2076 patefecit
821 1990 921 2056 limite
939 2014 1097 2076 campum,

407 2087 499 2169 isque
517 2086 646 2150 domum
665 2084 767 2161 nobis,
785 2085 876 2168 isque
894 2086 981 2150 dedit
999 2086 1169 2164 dominam,

366 2179 522 2263 adquam
544 2200 728 2245 communes
747 2200 965 2244 exerceremus
983 2202 1116 2245 amores.

309 2289 348 2343 70
407 2294 470 2356 quo
488 2296 561 2337 mea
578 2295 612 2338 se
629 2273 717 2337 molli
735 2272 870 2338 candida
887 2273 961 2337 diva
978 2274 1060 2358 pede
1185 2350 1188 2356 Ι

364 2365 471 2431 intulit
488 2377 520 2432 et
538 2366 611 2431 trito
628 2367 803 2452 fulgentem
821 2366 855 2432 in
872 2366 979 2431 limine
997 2368 1138 2452 plantam

406 2460 516 2525 innixa
533 2471 647 2546 arguta
665 2460 825 2526 constituit
845 2462 942 2538 solea,

364 2554 509 2640 coniugis
527 2566 564 2618 ut
580 2553 741 2637 quondam
758 2555 897 2639 flagrans
915 2555 1044 2620 advenit
1061 2578 1167 2622 amore

406 2647 634 2712 Protesilaeam
651 2646 830 2713 Laodamia
847 2649 978 2712 domurn

307 2759 347 2813 ⁴15
364 2741 522 2827 inceptam
539 2741 667 2818 frustra,
686 2742 829 2806 nondum
847 2765 919 2808 cum
938 2744 1093 2828 sanguine
1111 2766 1201 2810 sacro

406 2836 508 2900 hostia
525 2836 669 2901 caelestis
686 2837 884 2920 pacificasset
902 2859 982 2902 eros.

363 2930 407 2995 nil
425 2929 504 2995 mihi
521 2939 586 2994 tam
604 2930 699 2995 valde
714 2931 848 3016 placeat,
867 2931 1067 2996 Rhamnusia
1084 2932 1186 3018 virga,

408 3025 495 3108 quod
513 3035 630 3089 temere
647 3024 754 3089 invitis
773 3024 964 3110 suscipiatur
981 3025 1051 3090 eris.

366 3140 462 3202 quam
480 3117 586 3182 ieiuna
603 3119 691 3202 pium
710 3118 867 3184 desideret
884 3142 940 3183 ara
957 3141 1112 3197 cruorem,

309 3227 347 3281 80
409 3213 501 3276 docta
518 3221 566 3277 est
583 3212 699 3276 amisso
717 3212 895 3278 Laodamia
912 3213 992 3290 viro,

365 3305 509 3390 coniugis
527 3315 600 3370 ants
619 3316 728 3371 coacta
745 3307 820 3371 novi
837 3307 994 3372 dimittere
1013 3308 1139 3386 collum,

407 3421 504 3483 quam
522 3400 651 3465 veniens
669 3423 733 3465 una
751 3413 846 3483 atque
865 3402 964 3466 altera
980 3424 1089 3466 rursus
1107 3402 1229 3490 hiemps

364 3493 510 3558 noctibus
529 3493 561 3556 in
579 3493 683 3579 longis
701 3494 830 3559 avidum
850 3506 1022 3560 saturasset
1039 3520 1189 3574 amorem,

406 3597 515 3672 posset
532 3598 568 3650 ut
585 3587 719 3671 abrupto
737 3589 844 3654 vivere
862 3589 1020 3673 coniugio,

310 3691 347 3746 85
363 3681 450 3763 quod
468 3680 592 3744 scibant
609 3702 723 3765 parcae
740 3703 804 3746 non
822 3684 918 3768 longo
936 3694 1077 3768 tempore
1095 3687 1217 3763 abesse,

407 3775 434 3839 si
452 3774 541 3838 miles
559 3796 667 3839 muros
684 3775 760 3840 isset
778 3776 818 3840 ad
837 3777 967 3840 Iliacos:

364 3892 438 3933 narn
456 3880 525 3933 tum
542 3870 689 3934 Helenae
705 3881 798 3955 raptu
817 3871 970 3956 primores
988 3872 1184 3958 Argivorum

407 3973 556 4047 coeperat
573 3963 615 4027 ad
633 3985 702 4029 sese
720 3964 817 4028 Troia
836 3966 918 4031 ciere
935 3966 1030 4041 viros,

364 4055 461 4119 Troia
479 4056 594 4139 (nefas)
614 4077 781 4122 commune
800 4058 980 4144 sepulcrum
998 4059 1097 4124 Asiae
1116 4059 1340 4148 Europaeque,

309 4161 346 4216 90
405 4148 503 4214 Troia
520 4150 623 4216 virum
642 4163 672 4216 et
691 4152 842 4216 virtutum
862 4153 1003 4218 omnium
1021 4154 1136 4220 acerba
1154 4157 1242 4234 cinis,
