2954 4990
300 399 352 441 mv
733 393 962 436 ruomeoma

299 521 427 598 primum
449 532 513 575 esse
533 513 640 574 indico.
676 513 719 573 ibi
741 515 822 572 enim
842 511 922 571 illins
943 511 1044 590 lepore
1064 510 1238 591 facetiisque
1258 510 1338 572 adeo
1362 529 1396 573 se

299 607 452 663 incensum
470 619 533 660 esse
556 598 711 659 confitetur
730 605 764 657 nt
781 597 901 656 domum
920 615 1055 657 reversus
1078 595 1239 676 cupiditate
1259 601 1395 657 amicum

299 687 450 747 revisendi
466 705 505 746 ne
518 705 652 744 somnum
665 683 786 762 quidem
803 701 908 762 capere
921 689 1027 761 posset,
1046 699 1172 762 eumque
1184 685 1311 761 inpense
1325 692 1396 742 orat

300 780 333 833 ut
351 771 490 832 desiderii
509 772 553 828 sui
567 768 707 848 explendi
720 768 777 827 sibi
790 767 882 825 faciat
894 771 1019 845 copiam,
1036 785 1113 847 quae
1126 769 1226 825 omnia
1238 775 1395 827 recentem

300 867 372 916 tunc
390 859 628 915 coniunctionem
645 853 784 912 videntur
800 852 940 911 indicare.
976 850 1045 910 huic
1063 854 1187 910 carmini
1205 854 1395 932 epigramma

300 943 405 1002 XCVI
422 941 543 1013 subicio,
562 937 639 1019 quod
657 937 695 996 ad
712 945 834 996 mortem
851 937 983 996 mulieris
997 956 1015 993 a
1029 935 1122 996 Calvo
1134 945 1251 996 amane
1267 941 1395 998 nomine

301 1026 467 1100 Quintiliae
488 1027 623 1102 pertinet.
660 1027 723 1083 eius
744 1023 849 1081 funera
869 1025 967 1101 ipsum
985 1020 1111 1081 Calvum
1132 1021 1223 1098 elegIs
1246 1026 1395 1082 cecinisse

300 1113 472 1190 Propertius
489 1110 540 1169 111
557 1111 598 1167 34
616 1109 657 1166 90
679 1106 724 1168 ed.
747 1107 869 1166 Lacbm.
892 1111 974 1166 testis
996 1117 1047 1165 ost
1082 1109 1143 1164 iam
1165 1127 1232 1166 cum
1254 1107 1395 1167 Catullus

302 1200 514 1276 epigrammate
536 1214 588 1253 suo
611 1191 795 1267 Quintilium,
818 1191 937 1271 siquid
958 1192 1037 1268 grati
1058 1194 1179 1250 omnino
1201 1191 1354 1252 defunctis
1375 1214 1395 1251 a

302 1282 403 1342 dolore
420 1279 624 1359 desiderioque
642 1282 830 1356 superstitum
848 1275 982 1336 accidere
997 1278 1097 1354 possit,
1120 1297 1181 1335 non
1202 1286 1264 1336 tam
1285 1280 1394 1337 imma—

300 1377 367 1426 tura
384 1373 477 1425 morte
495 1385 549 1424 sua
565 1364 664 1424 dolere
677 1383 767 1443 quam
784 1381 884 1421 amore
894 1361 981 1422 Calvi
992 1359 1122 1438 gaudere
1135 1365 1278 1435 enuntiet,
1297 1367 1394 1422 mani·

301 1453 375 1513 festo
397 1451 437 1510 ad
457 1451 596 1528 lugubria
621 1452 710 1507 amici
733 1447 770 1508 de
792 1449 875 1508 obitu
902 1449 965 1505 eins
986 1445 1118 1505 mulieris
1144 1451 1277 1506 carmina
1303 1448 1393 1507 modo

300 1537 382 1598 edita
407 1539 535 1615 respicit,
562 1533 811 1614 probabiliterque
837 1551 920 1611 spem
946 1531 983 1590 ab
1009 1535 1074 1610 ipso
1097 1531 1247 1608 elegorum
1270 1541 1393 1592 anctore

301 1623 481 1682 declaratam
506 1623 563 1679 isto
589 1617 677 1677 modo
702 1619 876 1676 confirmare
901 1615 1004 1675 voluit.
1043 1636 1113 1675 nam
1138 1617 1230 1676 verba
1256 1617 1351 1677 Calvi
1375 1639 1394 1676 a

301 1707 437 1767 Charisia
458 1726 486 1783 p.
511 1705 569 1762 101
590 1703 630 1762 Κ.
652 1711 769 1762 servata
790 1702 882 1762 haece
904 1701 1042 1760 ‘forsitan
1067 1700 1124 1761 hoc
1146 1705 1235 1761 etiam
1261 1703 1394 1780 gandeat

301 1797 367 1872 ipsa
384 1790 472 1848 cinis’
495 1787 542 1864 (fr.
563 1790 602 1846 17
624 1787 670 1847 ed.
689 1787 724 1845 L.
742 1786 859 1862 Muell.)
877 1786 991 1863 elegiae
1012 1789 1045 1844 in
1062 1785 1240 1859 Quintilium
1262 1791 1394 1867 scriptae

301 1878 456 1954 desumpta
473 1892 537 1934 esse
553 1872 763 1932 Lachmannus
781 1871 820 1930 ad
832 1871 965 1951 Propert
982 1891 1011 1950 p.
1027 1872 1085 1928 141
1105 1871 1187 1931 haud
1204 1872 1294 1932 dubie
1313 1881 1393 1933 recte

301 1965 465 2041 suspicatus
487 1966 539 2018 est.
574 1958 635 2018 vid.
657 1966 810 2037 praetcrea
825 1957 977 2036 Hauptius
998 1976 1096 2035 opusc.
1114 1958 1140 2030 I,
1157 1977 1186 2036 p.
1205 1959 1268 2016 214
1282 1977 1316 2030 s.,
1342 1962 1394 2038 qni

301 2049 522 2126 epigrammatis
540 2043 703 2104 Oaudliani
719 2047 864 2102 rationem
880 2039 972 2120 probe
993 2045 1151 2121 perspexit
1187 2041 1225 2101 do
1242 2041 1394 2116 Quintilis

301 2133 377 2192 nibil
399 2130 520 2190 aliunde
542 2130 628 2189 nobis
654 2136 767 2188 notum.
801 2126 855 2186 sed
880 2146 948 2185 cum
969 2125 1096 2186 Calvum
1119 2131 1245 2186 sciamus
1267 2147 1394 2188 uxorem

300 2218 448 2291 babuisse,
459 2215 497 2274 ad
507 2236 595 2296 quam
605 2213 749 2293 epistulae
757 2217 821 2272 eius
829 2211 1004 2271 adferuntur
1012 2231 1031 2269 a
1039 2211 1186 2272 Diomede
1195 2233 1223 2290 p.
1230 2215 1291 2271 376
1300 2214 1344 2273 Κ.
1352 2245 1394 2255 -

301 2323 397 2383 neque
420 2305 499 2361 enim
521 2321 538 2360 e
560 2317 682 2359 numero
705 2302 881 2377 scriptorum
900 2297 945 2356 ibi
965 2295 1153 2356 laudatorum
1174 2297 1302 2358 Oalvnm
1326 2319 1394 2358 cum
1464 2371 1465 2374 Ἴ

301 2389 434 2448 Henrico
447 2385 549 2444 Keilio
566 2387 751 2457 removerim,
770 2402 948 2462 quamquam
964 2381 1057 2441 verba
1074 2387 1260 2459 grammatici
1278 2383 1395 2464 aliquid
1464 2375 1465 2400 ¹

301 2472 402 2531 mendi
420 2473 602 2529 contraxisse
620 2476 731 2528 certum
754 2475 799 2528 est
814 2497 866 2540 -,
888 2466 964 2526 nibil
985 2465 1103 2532 videtur
1124 2487 1231 2528 causae
1253 2487 1317 2529 esee
1342 2490 1395 2528 cur

303 2557 341 2616 de
367 2557 426 2615 alia
453 2554 575 2614 muliere
601 2557 773 2630 cogitemus,
799 2556 910 2632 vixque
936 2552 995 2624 ille,
1022 2559 1055 2611 nt
1081 2552 1254 2613 Schwabius
1276 2575 1305 2633 p.
1331 2556 1393 2613 255

302 2645 425 2714 monuit,
447 2643 572 2698 amicam
588 2641 621 2698 in
639 2638 819 2697 carminibus
836 2657 906 2697 vero
924 2641 1044 2696 nomine
1061 2637 1261 2716 adpellatnrns
1279 2638 1394 2698 fuisset

301 2748 388 2807 porro
412 2746 436 2784 c.
454 2725 532 2785 XIV
552 2731 586 2783 ut
607 2723 747 2783 scriberet
769 2723 903 2783 Catullus
926 2721 1123 2782 Saturnalicio
1145 2725 1209 2782 ioco
1231 2724 1320 2784 Calvi
1343 2723 1396 2783 ad-

302 2813 406 2872 ductus
424 2817 476 2883 est,
501 2812 552 2891 qni
568 2808 704 2868 libellum
720 2829 800 2867 nova
820 2811 1014 2888 pessimorum
1030 2807 1215 2887 quorundam
1236 2817 1394 2889 poetarum

302 2897 443 2978 opuscula
461 2899 661 2955 continentem
679 2892 718 2952 ad
735 2895 863 2952 amicum
881 2895 1009 2952 miserat
1043 2892 1076 2951 id
1092 2895 1186 2970 igitur
1206 2893 1316 2954 donum
1337 2893 1397 2954 Ca-

301 2984 391 3044 tullus
409 2981 513 3042 eodem
530 2979 766 3041 saturnaliorum
784 2977 832 3038 die
849 2981 963 3037 remisit
979 2976 1090 3036 additis
1108 2978 1154 3036 his
1169 2977 1396 3058 hendecasylla-

301 3071 355 3142 bis,
382 3067 552 3147 inquibus,
578 3073 612 3125 ut
633 3064 759 3125 Calvum
780 3063 967 3122 familiariter
988 3071 1096 3142 carpat,
1124 3083 1179 3142 pro
1201 3072 1279 3122 certo
1301 3068 1397 3123 sumit

301 3175 369 3214 eum
386 3151 540 3212 horribilia
556 3155 614 3210 ista
630 3157 768 3229 poemata
785 3169 803 3206 a
820 3148 929 3208 cliente
941 3147 1070 3227 quodam
1087 3151 1244 3228 accepisse,
1262 3154 1397 3227 suspica·

301 3249 407 3317 turque
424 3257 531 3296 munus
549 3256 567 3293 a
584 3235 668 3295 Sulla
684 3234 847 3294 litteratore
864 3233 967 3292 datum
984 3251 1049 3292 esse
1066 3241 1095 3293 et
1112 3238 1208 3293 amico
1227 3233 1397 3311 gratulatur

302 3323 382 3402 quod
407 3319 470 3380 tam
492 3321 585 3396 digna
609 3320 760 3379 laboribus
787 3322 847 3377 suis
872 3320 1006 3397 praemia
1032 3321 1138 3397 capiat
1174 3337 1250 3398 quae
1269 3317 1398 3397 quidem

303 3404 453 3466 cavillatio
471 3424 542 3464 sane
559 3408 715 3480 ingeniosa
728 3412 780 3476 est,
799 3407 939 3484 quoniam
954 3411 1068 3462 constat
1082 3403 1297 3475 Saturnalibus,
1315 3407 1398 3463 sicut

303 3494 406 3550 amicis
428 3490 466 3549 ab
489 3492 600 3561 amicis,
626 3493 669 3547 ita
690 3493 780 3548 etiam
804 3493 936 3566 patronis
958 3487 1154 3547 salientibus
1176 3493 1254 3547 varii
1275 3493 1399 3564 generis

302 3574 477 3636 munuscula
503 3574 601 3632 offerri
627 3574 714 3632 solita
739 3592 811 3632 esse.
847 3573 924 3634 conf.
947 3573 1073 3633 Prelleri
1098 3573 1221 3650 mythol.
1244 3575 1329 3633 Rom.
1352 3575 1398 3648 H,

303 3686 331 3744 p.
352 3664 391 3721 17
409 3660 479 3720 edit.
496 3661 602 3718 tertiae
619 3659 656 3718 ab
674 3659 713 3717 H.
731 3657 861 3718 Iordane
884 3665 1010 3718 curatae.
1046 3661 1224 3738 perspicitur
1241 3666 1340 3718 autem
1357 3677 1400 3718 ex

302 3751 368 3809 istis
384 3747 484 3806 verbis
503 3743 629 3804 Calvum
646 3762 681 3802 eo
698 3747 763 3823 ipso
781 3751 912 3823 tempore
934 3747 967 3802 in
985 3763 1074 3802 causa
1092 3743 1193 3823 aliqua
1214 3742 1401 3823 impeditiori

303 3843 461 3915 patronum
487 3828 617 3889 adfuisse
640 3828 749 3888 Sullae.
784 3828 833 3887 hic
855 3832 921 3909 quis
946 3828 1036 3889 fuerit
1057 3831 1212 3889 nescimus.
1249 3828 1301 3888 sed
1326 3849 1399 3888 cum

303 3920 448 3979 litterator
474 3935 492 3974 a
519 3914 637 3976 catullo
664 3913 788 3987 dicatur,
814 3914 938 3973 fortasse
963 3923 1042 3973 recte
1067 3914 1201 3973 Muretus
1224 3913 1399 3974 Cornelium

303 4004 472 4083 Epicadum
485 4002 721 4079 grammaticum,
734 3999 769 4057 L.
784 3997 886 4060 Sullae
899 3998 1053 4058 dictatorie
1065 3997 1213 4071 libertum,
1232 3997 1400 4076 significari

306 4093 426 4148 censuit.
462 4091 513 4169 qui
537 4106 604 4145 cum
625 4087 701 4144 mori
722 4087 934 4144 convenienter
953 4103 1062 4144 nomen
1083 4087 1202 4163 patroni
1223 4086 1398 4162 accepisset,

306 4174 371 4232 fieri
388 4177 484 4254 potnit
500 4179 534 4232 ut
555 4173 646 4231 etiam
668 4173 846 4247 cognomine
866 4173 922 4230 etsi
943 4189 1035 4230 manu
1056 4173 1154 4229 missis
1174 4188 1237 4230 non
1258 4189 1401 4230 concesso
