<?xml version="1.0" encoding="UTF-8"?>
<!DOCTYPE html PUBLIC "-//W3C//DTD XHTML 1.0 Transitional//EN"
    "http://www.w3.org/TR/xhtml1/DTD/xhtml1-transitional.dtd">
<html xmlns="http://www.w3.org/1999/xhtml" xml:lang="en" lang="en">
 <head>
  <title>
</title>
<meta http-equiv="Content-Type" content="text/html;charset=utf-8" />
  <meta name='ocr-system' content='tesseract 3.04.00' />
  <meta name='ocr-capabilities' content='ocr_page ocr_carea ocr_par ocr_line ocrx_word'/>
</head>
<body>
  <div class='ocr_page' id='page_1' title='image "./carmina01schmgoog_0093.png"; bbox 0 0 2968 4990; ppageno 0'>
   <div class='ocr_carea' id='block_1_1' title="bbox 297 359 960 404">
    <p class='ocr_par' dir='ltr' id='par_1_1' title="bbox 297 359 960 404">
     <span class='ocr_line' id='line_1_1' title="bbox 297 359 960 404; baseline -0.006 0"><span class='ocrx_word' id='word_1_1' title='bbox 297 361 410 404; x_wconf 80' lang='lat' dir='ltr'>LXXXVI</span> <span class='ocrx_word' id='word_1_2' title='bbox 732 359 960 400; x_wconf 74' lang='lat' dir='ltr'>rnonneosfflxa</span> 
     </span>
    </p>
   </div>
   <div class='ocr_carea' id='block_1_2' title="bbox 296 475 1405 723">
    <p class='ocr_par' dir='ltr' id='par_1_2' title="bbox 296 475 1405 723">
     <span class='ocr_line' id='line_1_2' title="bbox 298 475 1405 556; baseline 0.001 -19"><span class='ocrx_word' id='word_1_3' title='bbox 298 501 333 538; x_wconf 79' lang='lat' dir='ltr'>ea</span> <span class='ocrx_word' id='word_1_4' title='bbox 349 483 411 556; x_wconf 76' lang='lat' dir='ltr'>apso</span> <span class='ocrx_word' id='word_1_5' title='bbox 424 479 536 554; x_wconf 75' lang='lat' dir='ltr'>denpto</span> <span class='ocrx_word' id='word_1_6' title='bbox 551 480 608 536; x_wconf 84' lang='lat' dir='ltr'>oiri</span> <span class='ocrx_word' id='word_1_7' title='bbox 621 480 724 552; x_wconf 75' lang='lat' dir='ltr'>precio</span> <span class='ocrx_word' id='word_1_8' title='bbox 738 475 888 552; x_wconf 88' lang='lat' dir='ltr'>(LXVIH</span> <span class='ocrx_word' id='word_1_9' title='bbox 899 477 983 554; x_wconf 82' lang='lat'>146),</span> <span class='ocrx_word' id='word_1_10' title='bbox 997 497 1016 535; x_wconf 90' lang='lat' dir='ltr'>a</span> <span class='ocrx_word' id='word_1_11' title='bbox 1033 477 1140 556; x_wconf 90' lang='lat' dir='ltr'>quibus</span> <span class='ocrx_word' id='word_1_12' title='bbox 1157 482 1273 538; x_wconf 88' lang='lat' dir='ltr'>ratione</span> <span class='ocrx_word' id='word_1_13' title='bbox 1290 478 1405 539; x_wconf 87' lang='lat' dir='ltr'>differt</span> 
     </span>
     <span class='ocr_line' id='line_1_3' title="bbox 298 561 1403 644; baseline -0.002 -20"><span class='ocrx_word' id='word_1_14' title='bbox 298 573 401 644; x_wconf 84' lang='lat' dir='ltr'>utpote</span> <span class='ocrx_word' id='word_1_15' title='bbox 423 563 568 639; x_wconf 81' lang='lat' dir='ltr'>singulari</span> <span class='ocrx_word' id='word_1_16' title='bbox 585 584 652 622; x_wconf 90' lang='lat' dir='ltr'>cum</span> <span class='ocrx_word' id='word_1_17' title='bbox 670 564 806 622; x_wconf 90' lang='lat' dir='ltr'>acumine</span> <span class='ocrx_word' id='word_1_18' title='bbox 823 561 935 622; x_wconf 90' lang='lat' dir='ltr'>dictum</span> <span class='ocrx_word' id='word_1_19' title='bbox 957 562 1032 621; x_wconf 91' lang='lat' dir='ltr'>illud</span> <span class='ocrx_word' id='word_1_20' title='bbox 1047 565 1150 636; x_wconf 81' lang='lat' dir='ltr'>funere</span> <span class='ocrx_word' id='word_1_21' title='bbox 1168 563 1328 640; x_wconf 79' lang='lat' dir='ltr'><strong><em>Cecropiae</em></strong></span> <span class='ocrx_word' id='word_1_22' title='bbox 1347 585 1403 623; x_wconf 83' lang='lat' dir='ltr'>nee</span> 
     </span>
     <span class='ocr_line' id='line_1_4' title="bbox 296 647 1402 723; baseline 0 -15"><span class='ocrx_word' id='word_1_23' title='bbox 296 653 400 723; x_wconf 78' lang='lat' dir='ltr'>fauere</span> <span class='ocrx_word' id='word_1_24' title='bbox 416 651 450 708; x_wconf 94' lang='lat' dir='ltr'>in</span> <span class='ocrx_word' id='word_1_25' title='bbox 466 669 491 708; x_wconf 82' lang='lat' dir='ltr'>e</span> <span class='ocrx_word' id='word_1_26' title='bbox 508 648 614 707; x_wconf 89' lang='lat' dir='ltr'><strong>LXIV</strong></span> <span class='ocrx_word' id='word_1_27' title='bbox 632 649 681 706; x_wconf 89' lang='grc'>83.</span> <span class='ocrx_word' id='word_1_28' title='bbox 707 647 780 706; x_wconf 87' lang='lat' dir='ltr'>talia</span> <span class='ocrx_word' id='word_1_29' title='bbox 797 656 896 706; x_wconf 91' lang='lat' dir='ltr'>autem</span> <span class='ocrx_word' id='word_1_30' title='bbox 913 655 1029 706; x_wconf 85' lang='lat' dir='ltr'>tantum</span> <span class='ocrx_word' id='word_1_31' title='bbox 1047 648 1131 708; x_wconf 90' lang='lat' dir='ltr'>abest</span> <span class='ocrx_word' id='word_1_32' title='bbox 1145 658 1180 708; x_wconf 90' lang='lat' dir='ltr'>ut</span> <span class='ocrx_word' id='word_1_33' title='bbox 1196 649 1402 708; x_wconf 87' lang='lat' dir='ltr'>necessitudi-</span> 
     </span>
    </p>
   </div>
   <div class='ocr_carea' id='block_1_3' title="bbox 298 732 1460 896">
    <p class='ocr_par' dir='ltr' id='par_1_3' title="bbox 298 732 1460 896">
     <span class='ocr_line' id='line_1_5' title="bbox 298 732 1460 813; baseline -0.001 -18"><span class='ocrx_word' id='word_1_34' title='bbox 298 755 368 795; x_wconf 90' lang='lat' dir='ltr'>nem</span> <span class='ocrx_word' id='word_1_35' title='bbox 389 734 448 794; x_wconf 92' lang='lat' dir='ltr'>sibi</span> <span class='ocrx_word' id='word_1_36' title='bbox 468 733 618 811; x_wconf 82' lang='lat' dir='ltr'><strong>postulent</strong></span> <span class='ocrx_word' id='word_1_37' title='bbox 642 735 864 810; x_wconf 85' lang='lat' dir='ltr'>grammaticam</span> <span class='ocrx_word' id='word_1_38' title='bbox 885 741 919 792; x_wconf 91' lang='lat' dir='ltr'>ut</span> <span class='ocrx_word' id='word_1_39' title='bbox 940 752 1029 812; x_wconf 88' lang='lat' dir='ltr'>saepe</span> <span class='ocrx_word' id='word_1_40' title='bbox 1049 753 1088 793; x_wconf 90' lang='lat' dir='ltr'>ne</span> <span class='ocrx_word' id='word_1_41' title='bbox 1109 732 1241 793; x_wconf 88' lang='lat' dir='ltr'>eiusdem</span> <span class='ocrx_word' id='word_1_42' title='bbox 1268 735 1400 813; x_wconf 88' lang='lat' dir='ltr'>quidem</span> <span class='ocrx_word' id='word_1_43' title='bbox 1459 753 1460 764; x_wconf 60' lang='lat'>¹</span> 
     </span>
     <span class='ocr_line' id='line_1_6' title="bbox 299 795 1460 896; baseline -0.002 -17"><span class='ocrx_word' id='word_1_44' title='bbox 299 821 446 879; x_wconf 88' lang='lat' dir='ltr'>enuntiati</span> <span class='ocrx_word' id='word_1_45' title='bbox 463 820 531 890; x_wconf 81' lang='lat' dir='ltr'>sint,</span> <span class='ocrx_word' id='word_1_46' title='bbox 548 817 642 876; x_wconf 89' lang='lat' dir='ltr'>veluti</span> <span class='ocrx_word' id='word_1_47' title='bbox 656 837 679 876; x_wconf 84' lang='lat' dir='ltr'>c</span> <span class='ocrx_word' id='word_1_48' title='bbox 689 817 765 876; x_wconf 88' lang='lat' dir='ltr'>LXI</span> <span class='ocrx_word' id='word_1_49' title='bbox 775 819 836 875; x_wconf 87' lang='grc'>204</span> <span class='ocrx_word' id='word_1_50' title='bbox 846 821 976 892; x_wconf 77' lang='lat' dir='ltr'>quoniam</span> <span class='ocrx_word' id='word_1_51' title='bbox 988 821 1089 894; x_wconf 79' lang='lat' dir='ltr'>polam</span> <span class='ocrx_word' id='word_1_52' title='bbox 1104 817 1185 886; x_wconf 81' lang='lat' dir='ltr'>Quod</span> <span class='ocrx_word' id='word_1_53' title='bbox 1201 823 1281 894; x_wconf 84' lang='lat' dir='ltr'>cupis</span> <span class='ocrx_word' id='word_1_54' title='bbox 1299 824 1399 896; x_wconf 79' lang='lat' dir='ltr'>cupis,</span> <span class='ocrx_word' id='word_1_55' title='bbox 1459 795 1460 890; x_wconf 75' lang='lat' dir='ltr'>l</span> 
     </span>
    </p>
   </div>
   <div class='ocr_carea' id='block_1_4' title="bbox 298 903 1399 978">
    <p class='ocr_par' dir='ltr' id='par_1_4' title="bbox 298 903 1399 978">
     <span class='ocr_line' id='line_1_7' title="bbox 298 903 1399 978; baseline 0 -15"><span class='ocrx_word' id='word_1_56' title='bbox 298 905 407 964; x_wconf 71' lang='lat' dir='ltr'>vma</span> <span class='ocrx_word' id='word_1_57' title='bbox 421 905 496 978; x_wconf 83' lang='lat' dir='ltr'>quod</span> <span class='ocrx_word' id='word_1_58' title='bbox 512 904 588 960; x_wconf 82' lang='lat' dir='ltr'>eides</span> <span class='ocrx_word' id='word_1_59' title='bbox 601 905 712 978; x_wconf 80' lang='lat' dir='ltr'>perisse</span> <span class='ocrx_word' id='word_1_60' title='bbox 725 905 867 978; x_wconf 78' lang='lat' dir='ltr'>perditum</span> <span class='ocrx_word' id='word_1_61' title='bbox 884 905 982 974; x_wconf 85' lang='lat' dir='ltr'>ducas,</span> <span class='ocrx_word' id='word_1_62' title='bbox 1000 903 1105 962; x_wconf 83' lang='lat' dir='ltr'>LXIV</span> <span class='ocrx_word' id='word_1_63' title='bbox 1114 904 1155 961; x_wconf 83' lang='lat'>55</span> <span class='ocrx_word' id='word_1_64' title='bbox 1174 907 1289 962; x_wconf 83' lang='lat' dir='ltr'>necdum</span> <span class='ocrx_word' id='word_1_65' title='bbox 1308 909 1399 962; x_wconf 83' lang='lat' dir='ltr'>etiam</span> 
     </span>
    </p>
   </div>
   <div class='ocr_carea' id='block_1_5' title="bbox 300 986 1460 1151">
    <p class='ocr_par' dir='ltr' id='par_1_5' title="bbox 300 986 1460 1151">
     <span class='ocr_line' id='line_1_8' title="bbox 300 986 1460 1066; baseline 0.003 -19"><span class='ocrx_word' id='word_1_66' title='bbox 300 1010 360 1047; x_wconf 87' lang='lat' dir='ltr'>sese</span> <span class='ocrx_word' id='word_1_67' title='bbox 377 1009 449 1063; x_wconf 80' lang='lat' dir='ltr'>quoe</span> <span class='ocrx_word' id='word_1_68' title='bbox 465 991 530 1045; x_wconf 77' lang='lat' dir='ltr'>visit</span> <span class='ocrx_word' id='word_1_69' title='bbox 546 991 635 1044; x_wconf 82' lang='lat' dir='ltr'>visere</span> <span class='ocrx_word' id='word_1_70' title='bbox 652 989 749 1046; x_wconf 71' lang='lat' dir='ltr'>credet.</span> <span class='ocrx_word' id='word_1_71' title='bbox 785 986 861 1047; x_wconf 87' lang='lat' dir='ltr'>conf.</span> <span class='ocrx_word' id='word_1_72' title='bbox 879 995 1034 1066; x_wconf 80' lang='lat' dir='ltr'>praeterea</span> <span class='ocrx_word' id='word_1_73' title='bbox 1050 1009 1074 1049; x_wconf 88' lang='lat' dir='ltr'>c.</span> <span class='ocrx_word' id='word_1_74' title='bbox 1093 988 1293 1048; x_wconf 84' lang='lat'>11113-15.</span> <span class='ocrx_word' id='word_1_75' title='bbox 1313 989 1399 1050; x_wconf 86' lang='lat' dir='ltr'>LXI</span> <span class='ocrx_word' id='word_1_76' title='bbox 1459 997 1460 1062; x_wconf 69' lang='lat'>1</span> 
     </span>
     <span class='ocr_line' id='line_1_9' title="bbox 301 1071 1460 1151; baseline 0.002 -19"><span class='ocrx_word' id='word_1_77' title='bbox 301 1075 371 1132; x_wconf 85' lang='lat'>143.</span> <span class='ocrx_word' id='word_1_78' title='bbox 392 1075 484 1131; x_wconf 71' lang='lat'>152⁸.</span> <span class='ocrx_word' id='word_1_79' title='bbox 519 1071 624 1131; x_wconf 88' lang='lat' dir='ltr'>eedem</span> <span class='ocrx_word' id='word_1_80' title='bbox 644 1072 731 1132; x_wconf 91' lang='lat' dir='ltr'>modo</span> <span class='ocrx_word' id='word_1_81' title='bbox 753 1083 898 1149; x_wconf 74' lang='lat' dir='ltr'>cognatae</span> <span class='ocrx_word' id='word_1_82' title='bbox 918 1092 1006 1132; x_wconf 90' lang='lat' dir='ltr'>voces</span> <span class='ocrx_word' id='word_1_83' title='bbox 1027 1077 1112 1131; x_wconf 86' lang='lat' dir='ltr'>iuxta</span> <span class='ocrx_word' id='word_1_84' title='bbox 1129 1082 1288 1151; x_wconf 87' lang='lat' dir='ltr'>ponuntur,</span> <span class='ocrx_word' id='word_1_85' title='bbox 1312 1083 1351 1133; x_wconf 93' lang='lat' dir='ltr'>ut</span> <span class='ocrx_word' id='word_1_86' title='bbox 1369 1097 1396 1134; x_wconf 88' lang='lat' dir='ltr'>e.</span> <span class='ocrx_word' id='word_1_87' title='bbox 1459 1093 1460 1110; x_wconf 66' lang='lat'>.</span> 
     </span>
    </p>
   </div>
   <div class='ocr_carea' id='block_1_6' title="bbox 298 1158 1397 2854">
    <p class='ocr_par' dir='ltr' id='par_1_6' title="bbox 298 1158 1397 1746">
     <span class='ocr_line' id='line_1_10' title="bbox 298 1158 1397 1232; baseline 0.002 -14"><span class='ocrx_word' id='word_1_88' title='bbox 298 1159 396 1218; x_wconf 86' lang='lat' dir='ltr'>XXX</span> <span class='ocrx_word' id='word_1_89' title='bbox 406 1159 444 1215; x_wconf 88' lang='grc'>12</span> <span class='ocrx_word' id='word_1_90' title='bbox 452 1160 525 1231; x_wconf 84' lang='lat' dir='ltr'>sacti</span> <span class='ocrx_word' id='word_1_91' title='bbox 538 1160 624 1231; x_wconf 79' lang='lat' dir='ltr'>saciet</span> <span class='ocrx_word' id='word_1_92' title='bbox 636 1162 687 1230; x_wconf 82' lang='lat' dir='ltr'>tui,</span> <span class='ocrx_word' id='word_1_93' title='bbox 704 1158 810 1217; x_wconf 85' lang='lat' dir='ltr'>LXIV</span> <span class='ocrx_word' id='word_1_94' title='bbox 819 1158 880 1215; x_wconf 85' lang='lat'>405</span> <span class='ocrx_word' id='word_1_95' title='bbox 891 1160 983 1215; x_wconf 80' lang='lat' dir='ltr'><strong><em>onmia</em></strong></span> <span class='ocrx_word' id='word_1_96' title='bbox 997 1160 1090 1231; x_wconf 80' lang='lat' dir='ltr'>fundo</span> <span class='ocrx_word' id='word_1_97' title='bbox 1102 1161 1234 1232; x_wconf 82' lang='lat' dir='ltr'>nefanda,</span> <span class='ocrx_word' id='word_1_98' title='bbox 1247 1159 1397 1220; x_wconf 82' lang='lat' dir='ltr'>LXVIII</span> 
     </span>
     <span class='ocr_line' id='line_1_11' title="bbox 300 1241 1395 1322; baseline 0 -18"><span class='ocrx_word' id='word_1_99' title='bbox 300 1246 363 1304; x_wconf 87' lang='grc'>160</span> <span class='ocrx_word' id='word_1_100' title='bbox 388 1265 446 1319; x_wconf 81' lang='lat' dir='ltr'>qrro</span> <span class='ocrx_word' id='word_1_101' title='bbox 470 1246 534 1301; x_wconf 84' lang='lat' dir='ltr'>viva</span> <span class='ocrx_word' id='word_1_102' title='bbox 558 1247 649 1300; x_wconf 75' lang='lat' dir='ltr'>vivere</span> <span class='ocrx_word' id='word_1_103' title='bbox 676 1246 755 1301; x_wconf 81' lang='lat' dir='ltr'><strong><em>dulce</em></strong></span> <span class='ocrx_word' id='word_1_104' title='bbox 780 1244 881 1300; x_wconf 63' lang='lat' dir='ltr'>nabat.</span> <span class='ocrx_word' id='word_1_105' title='bbox 926 1241 1056 1322; x_wconf 88' lang='lat' dir='ltr'>denique</span> <span class='ocrx_word' id='word_1_106' title='bbox 1076 1246 1109 1301; x_wconf 92' lang='lat' dir='ltr'>in</span> <span class='ocrx_word' id='word_1_107' title='bbox 1131 1243 1210 1302; x_wconf 89' lang='lat' dir='ltr'>hunc</span> <span class='ocrx_word' id='word_1_108' title='bbox 1231 1263 1395 1304; x_wconf 86' lang='lat' dir='ltr'>numerum</span> 
     </span>
     <span class='ocr_line' id='line_1_12' title="bbox 298 1327 1395 1407; baseline 0.002 -19"><span class='ocrx_word' id='word_1_109' title='bbox 298 1333 382 1388; x_wconf 88' lang='lat' dir='ltr'>venit</span> <span class='ocrx_word' id='word_1_110' title='bbox 402 1328 560 1388; x_wconf 88' lang='lat' dir='ltr'>verbomm</span> <span class='ocrx_word' id='word_1_111' title='bbox 581 1348 654 1386; x_wconf 90' lang='lat' dir='ltr'>sono</span> <span class='ocrx_word' id='word_1_112' title='bbox 679 1328 881 1407; x_wconf 90' lang='lat' dir='ltr'>persimilium,</span> <span class='ocrx_word' id='word_1_113' title='bbox 908 1335 940 1385; x_wconf 89' lang='lat' dir='ltr'>at</span> <span class='ocrx_word' id='word_1_114' title='bbox 966 1328 1183 1404; x_wconf 85' lang='lat' dir='ltr'>significatione</span> <span class='ocrx_word' id='word_1_115' title='bbox 1204 1327 1395 1390; x_wconf 89' lang='lat' dir='ltr'>diversorum</span> 
     </span>
     <span class='ocr_line' id='line_1_13' title="bbox 298 1412 1394 1493; baseline 0 -19"><span class='ocrx_word' id='word_1_116' title='bbox 298 1416 485 1485; x_wconf 82' lang='lat' dir='ltr'>consociatio,</span> <span class='ocrx_word' id='word_1_117' title='bbox 508 1433 597 1493; x_wconf 90' lang='lat' dir='ltr'>quam</span> <span class='ocrx_word' id='word_1_118' title='bbox 617 1415 735 1492; x_wconf 89' lang='lat' dir='ltr'>proprie</span> <span class='ocrx_word' id='word_1_119' title='bbox 755 1415 992 1490; x_wconf 88' lang='lat' dir='ltr'>paronomasiam</span> <span class='ocrx_word' id='word_1_120' title='bbox 1009 1415 1073 1472; x_wconf 82' lang='lat' dir='ltr'>slve</span> <span class='ocrx_word' id='word_1_121' title='bbox 1095 1412 1394 1489; x_wconf 82' lang='lat' dir='ltr'>adgnominationem</span> 
     </span>
     <span class='ocr_line' id='line_1_14' title="bbox 299 1497 1392 1572; baseline 0 -13"><span class='ocrx_word' id='word_1_122' title='bbox 299 1501 432 1572; x_wconf 81' lang='lat' dir='ltr'>dicimus,</span> <span class='ocrx_word' id='word_1_123' title='bbox 455 1506 490 1557; x_wconf 88' lang='lat' dir='ltr'>nt</span> <span class='ocrx_word' id='word_1_124' title='bbox 507 1519 531 1556; x_wconf 87' lang='lat' dir='ltr'>e.</span> <span class='ocrx_word' id='word_1_125' title='bbox 549 1497 582 1554; x_wconf 89' lang='lat' dir='ltr'>X</span> <span class='ocrx_word' id='word_1_126' title='bbox 600 1499 639 1554; x_wconf 90' lang='grc'>23</span> <span class='ocrx_word' id='word_1_127' title='bbox 662 1501 691 1554; x_wconf 83' lang='lat' dir='ltr'>in</span> <span class='ocrx_word' id='word_1_128' title='bbox 714 1502 783 1554; x_wconf 89' lang='lat' dir='ltr'>collo</span> <span class='ocrx_word' id='word_1_129' title='bbox 805 1500 858 1555; x_wconf 85' lang='lat' dir='ltr'>sibi</span> <span class='ocrx_word' id='word_1_130' title='bbox 880 1501 1027 1570; x_wconf 84' lang='lat' dir='ltr'>collocare,</span> <span class='ocrx_word' id='word_1_131' title='bbox 1048 1499 1154 1559; x_wconf 87' lang='lat' dir='ltr'>LXIV</span> <span class='ocrx_word' id='word_1_132' title='bbox 1172 1499 1235 1556; x_wconf 82' lang='lat'>320</span> <span class='ocrx_word' id='word_1_133' title='bbox 1256 1503 1392 1559; x_wconf 79' lang='lat' dir='ltr'>vellentes</span> 
     </span>
     <span class='ocr_line' id='line_1_15' title="bbox 298 1581 1392 1662; baseline 0.001 -19"><span class='ocrx_word' id='word_1_134' title='bbox 298 1589 405 1643; x_wconf 83' lang='lat' dir='ltr'>vellera</span> <span class='ocrx_word' id='word_1_135' title='bbox 417 1581 510 1662; x_wconf 91' lang='lat' dir='ltr'>(quod</span> <span class='ocrx_word' id='word_1_136' title='bbox 527 1585 655 1660; x_wconf 88' lang='lat' dir='ltr'>speciem</span> <span class='ocrx_word' id='word_1_137' title='bbox 668 1582 758 1641; x_wconf 88' lang='lat' dir='ltr'>habet</span> <span class='ocrx_word' id='word_1_138' title='bbox 770 1583 884 1658; x_wconf 83' lang='lat' dir='ltr'>figurae</span> <span class='ocrx_word' id='word_1_139' title='bbox 897 1581 1134 1661; x_wconf 75' lang='lat' dir='ltr'>etymologicus),</span> <span class='ocrx_word' id='word_1_140' title='bbox 1152 1582 1257 1643; x_wconf 79' lang='lat' dir='ltr'>XCIV</span> <span class='ocrx_word' id='word_1_141' title='bbox 1272 1586 1293 1641; x_wconf 91' lang='grc'><strong>2</strong></span> <span class='ocrx_word' id='word_1_142' title='bbox 1312 1589 1392 1644; x_wconf 78' lang='lat' dir='ltr'>olera</span> 
     </span>
     <span class='ocr_line' id='line_1_16' title="bbox 300 1668 974 1746; baseline 0 -19"><span class='ocrx_word' id='word_1_143' title='bbox 300 1673 358 1727; x_wconf 81' lang='lat' dir='ltr'>olle</span> <span class='ocrx_word' id='word_1_144' title='bbox 374 1671 450 1742; x_wconf 75' lang='lat' dir='ltr'>leqit,</span> <span class='ocrx_word' id='word_1_145' title='bbox 469 1686 546 1746; x_wconf 90' lang='lat' dir='ltr'>quae</span> <span class='ocrx_word' id='word_1_146' title='bbox 564 1675 627 1726; x_wconf 86' lang='lat' dir='ltr'>erat</span> <span class='ocrx_word' id='word_1_147' title='bbox 644 1668 838 1745; x_wconf 85' lang='lat' dir='ltr'>proverbialis</span> <span class='ocrx_word' id='word_1_148' title='bbox 855 1668 974 1727; x_wconf 86' lang='lat' dir='ltr'>locutio.</span> 
     </span>
    </p>

    <p class='ocr_par' dir='ltr' id='par_1_7' title="bbox 298 1751 1392 2854">
     <span class='ocr_line' id='line_1_17' title="bbox 363 1751 1391 1831; baseline 0.004 -19"><span class='ocrx_word' id='word_1_149' title='bbox 363 1754 610 1812; x_wconf 85' lang='lat' dir='ltr'>Enumeravimus</span> <span class='ocrx_word' id='word_1_150' title='bbox 627 1754 755 1831; x_wconf 91' lang='lat' dir='ltr'>potiores</span> <span class='ocrx_word' id='word_1_151' title='bbox 773 1755 804 1811; x_wconf 91' lang='lat' dir='ltr'>in</span> <span class='ocrx_word' id='word_1_152' title='bbox 822 1772 956 1812; x_wconf 88' lang='lat' dir='ltr'>sermone</span> <span class='ocrx_word' id='word_1_153' title='bbox 973 1751 1143 1812; x_wconf 83' lang='lat' dir='ltr'>Catulliano</span> <span class='ocrx_word' id='word_1_154' title='bbox 1160 1758 1321 1815; x_wconf 88' lang='lat' dir='ltr'>vetustatis</span> <span class='ocrx_word' id='word_1_155' title='bbox 1341 1777 1391 1815; x_wconf 90' lang='lat' dir='ltr'>no·</span> 
     </span>
     <span class='ocr_line' id='line_1_18' title="bbox 299 1839 1391 1918; baseline 0.001 -20"><span class='ocrx_word' id='word_1_156' title='bbox 299 1848 354 1898; x_wconf 91' lang='lat' dir='ltr'>tas.</span> <span class='ocrx_word' id='word_1_157' title='bbox 394 1857 478 1918; x_wconf 86' lang='lat' dir='ltr'>qnae,</span> <span class='ocrx_word' id='word_1_158' title='bbox 505 1845 539 1896; x_wconf 90' lang='lat' dir='ltr'>ut</span> <span class='ocrx_word' id='word_1_159' title='bbox 558 1858 613 1915; x_wconf 90' lang='lat' dir='ltr'>par</span> <span class='ocrx_word' id='word_1_160' title='bbox 634 1846 686 1910; x_wconf 87' lang='lat' dir='ltr'>est,</span> <span class='ocrx_word' id='word_1_161' title='bbox 714 1857 775 1896; x_wconf 91' lang='lat' dir='ltr'>non</span> <span class='ocrx_word' id='word_1_162' title='bbox 800 1857 901 1897; x_wconf 88' lang='lat' dir='ltr'>omnes</span> <span class='ocrx_word' id='word_1_163' title='bbox 926 1839 959 1896; x_wconf 91' lang='lat' dir='ltr'>in</span> <span class='ocrx_word' id='word_1_164' title='bbox 981 1841 1063 1896; x_wconf 91' lang='lat' dir='ltr'>omni</span> <span class='ocrx_word' id='word_1_165' title='bbox 1088 1857 1197 1914; x_wconf 84' lang='lat' dir='ltr'>genere</span> <span class='ocrx_word' id='word_1_166' title='bbox 1222 1843 1391 1900; x_wconf 86' lang='lat' dir='ltr'>carminum</span> 
     </span>
     <span class='ocr_line' id='line_1_19' title="bbox 298 1921 1389 2005; baseline 0 -23"><span class='ocrx_word' id='word_1_167' title='bbox 298 1927 465 2005; x_wconf 88' lang='lat' dir='ltr'>promiscue</span> <span class='ocrx_word' id='word_1_168' title='bbox 482 1924 681 1994; x_wconf 90' lang='lat' dir='ltr'>inveniuntur,</span> <span class='ocrx_word' id='word_1_169' title='bbox 699 1921 752 1980; x_wconf 88' lang='lat' dir='ltr'>sed</span> <span class='ocrx_word' id='word_1_170' title='bbox 769 1943 822 2001; x_wconf 92' lang='lat' dir='ltr'>pro</span> <span class='ocrx_word' id='word_1_171' title='bbox 835 1921 954 1981; x_wconf 87' lang='lat' dir='ltr'>diversa</span> <span class='ocrx_word' id='word_1_172' title='bbox 971 1941 1072 1982; x_wconf 91' lang='lat' dir='ltr'>eorum</span> <span class='ocrx_word' id='word_1_173' title='bbox 1084 1930 1148 1982; x_wconf 87' lang='lat' dir='ltr'>arte</span> <span class='ocrx_word' id='word_1_174' title='bbox 1165 1923 1242 1983; x_wconf 87' lang='lat' dir='ltr'>aliae</span> <span class='ocrx_word' id='word_1_175' title='bbox 1257 1928 1295 1983; x_wconf 88' lang='lat' dir='ltr'>in</span> <span class='ocrx_word' id='word_1_176' title='bbox 1314 1927 1389 1984; x_wconf 86' lang='lat' dir='ltr'>aliis.</span> 
     </span>
     <span class='ocr_line' id='line_1_20' title="bbox 299 2007 1392 2088; baseline 0.001 -19"><span class='ocrx_word' id='word_1_177' title='bbox 299 2009 412 2069; x_wconf 88' lang='lat' dir='ltr'>scilicet</span> <span class='ocrx_word' id='word_1_178' title='bbox 424 2027 501 2088; x_wconf 90' lang='lat' dir='ltr'>quae</span> <span class='ocrx_word' id='word_1_179' title='bbox 514 2008 606 2067; x_wconf 89' lang='lat' dir='ltr'>verba</span> <span class='ocrx_word' id='word_1_180' title='bbox 617 2008 832 2087; x_wconf 87' lang='lat' dir='ltr'>verborumque</span> <span class='ocrx_word' id='word_1_181' title='bbox 844 2008 956 2066; x_wconf 82' lang='lat' dir='ltr'>formae</span> <span class='ocrx_word' id='word_1_182' title='bbox 965 2017 995 2066; x_wconf 91' lang='lat' dir='ltr'>et</span> <span class='ocrx_word' id='word_1_183' title='bbox 1006 2007 1170 2068; x_wconf 89' lang='lat' dir='ltr'>locutiones</span> <span class='ocrx_word' id='word_1_184' title='bbox 1179 2017 1209 2068; x_wconf 88' lang='lat' dir='ltr'>et</span> <span class='ocrx_word' id='word_1_185' title='bbox 1222 2017 1392 2071; x_wconf 83' lang='lat' dir='ltr'>structuras</span> 
     </span>
     <span class='ocr_line' id='line_1_21' title="bbox 299 2091 1391 2172; baseline 0.002 -18"><span class='ocrx_word' id='word_1_186' title='bbox 299 2101 520 2155; x_wconf 81' lang='lat' dir='ltr'>sternumenta</span> <span class='ocrx_word' id='word_1_187' title='bbox 539 2096 655 2172; x_wconf 87' lang='lat' dir='ltr'>priscae</span> <span class='ocrx_word' id='word_1_188' title='bbox 676 2093 797 2168; x_wconf 84' lang='lat' dir='ltr'>linguae</span> <span class='ocrx_word' id='word_1_189' title='bbox 814 2092 852 2152; x_wconf 92' lang='lat' dir='ltr'>ab</span> <span class='ocrx_word' id='word_1_190' title='bbox 871 2092 985 2151; x_wconf 88' lang='lat' dir='ltr'>elatiori</span> <span class='ocrx_word' id='word_1_191' title='bbox 1004 2091 1133 2153; x_wconf 78' lang='lat' dir='ltr'>dictione</span> <span class='ocrx_word' id='word_1_192' title='bbox 1150 2114 1212 2152; x_wconf 92' lang='lat' dir='ltr'>non</span> <span class='ocrx_word' id='word_1_193' title='bbox 1229 2093 1391 2156; x_wconf 91' lang='lat' dir='ltr'>abhorrere</span> 
     </span>
     <span class='ocr_line' id='line_1_22' title="bbox 299 2177 1391 2260; baseline 0.001 -21"><span class='ocrx_word' id='word_1_194' title='bbox 299 2188 352 2239; x_wconf 91' lang='lat' dir='ltr'>aut</span> <span class='ocrx_word' id='word_1_195' title='bbox 369 2180 442 2238; x_wconf 89' lang='lat' dir='ltr'>adeo</span> <span class='ocrx_word' id='word_1_196' title='bbox 461 2181 620 2237; x_wconf 83' lang='lat' dir='ltr'>convenire</span> <span class='ocrx_word' id='word_1_197' title='bbox 637 2181 666 2236; x_wconf 91' lang='lat' dir='ltr'>ei</span> <span class='ocrx_word' id='word_1_198' title='bbox 683 2177 871 2250; x_wconf 89' lang='lat' dir='ltr'>videbantur,</span> <span class='ocrx_word' id='word_1_199' title='bbox 892 2196 930 2236; x_wconf 92' lang='lat' dir='ltr'>ne</span> <span class='ocrx_word' id='word_1_200' title='bbox 947 2198 966 2237; x_wconf 90' lang='lat' dir='ltr'>a</span> <span class='ocrx_word' id='word_1_201' title='bbox 983 2177 1163 2237; x_wconf 90' lang='lat' dir='ltr'>doctioribus</span> <span class='ocrx_word' id='word_1_202' title='bbox 1180 2179 1303 2258; x_wconf 89' lang='lat' dir='ltr'>quidem</span> <span class='ocrx_word' id='word_1_203' title='bbox 1320 2200 1391 2260; x_wconf 89' lang='lat' dir='ltr'>poe-</span> 
     </span>
     <span class='ocr_line' id='line_1_23' title="bbox 298 2262 1391 2344; baseline 0.001 -20"><span class='ocrx_word' id='word_1_204' title='bbox 298 2267 387 2324; x_wconf 91' lang='lat' dir='ltr'>matis</span> <span class='ocrx_word' id='word_1_205' title='bbox 405 2263 526 2324; x_wconf 87' lang='lat' dir='ltr'>exclusa</span> <span class='ocrx_word' id='word_1_206' title='bbox 542 2270 594 2321; x_wconf 91' lang='lat' dir='ltr'>aut</span> <span class='ocrx_word' id='word_1_207' title='bbox 614 2267 647 2321; x_wconf 89' lang='lat' dir='ltr'>in</span> <span class='ocrx_word' id='word_1_208' title='bbox 668 2262 714 2320; x_wconf 89' lang='lat' dir='ltr'>his</span> <span class='ocrx_word' id='word_1_209' title='bbox 733 2262 802 2321; x_wconf 91' lang='lat' dir='ltr'>solis</span> <span class='ocrx_word' id='word_1_210' title='bbox 820 2263 949 2321; x_wconf 86' lang='lat' dir='ltr'>admissa</span> <span class='ocrx_word' id='word_1_211' title='bbox 971 2271 1047 2322; x_wconf 89' lang='lat' dir='ltr'>sunt.</span> <span class='ocrx_word' id='word_1_212' title='bbox 1084 2271 1187 2322; x_wconf 88' lang='lat' dir='ltr'>contra</span> <span class='ocrx_word' id='word_1_213' title='bbox 1203 2273 1308 2324; x_wconf 88' lang='lat' dir='ltr'>vetera</span> <span class='ocrx_word' id='word_1_214' title='bbox 1325 2269 1391 2344; x_wconf 89' lang='lat' dir='ltr'>qui·</span> 
     </span>
     <span class='ocr_line' id='line_1_24' title="bbox 300 2347 1391 2427; baseline 0 -18"><span class='ocrx_word' id='word_1_215' title='bbox 300 2350 376 2422; x_wconf 88' lang='lat' dir='ltr'>dem,</span> <span class='ocrx_word' id='word_1_216' title='bbox 394 2348 447 2407; x_wconf 90' lang='lat' dir='ltr'>sed</span> <span class='ocrx_word' id='word_1_217' title='bbox 462 2349 581 2427; x_wconf 89' lang='lat' dir='ltr'>proprie</span> <span class='ocrx_word' id='word_1_218' title='bbox 597 2347 715 2426; x_wconf 92' lang='lat' dir='ltr'>plebeia</span> <span class='ocrx_word' id='word_1_219' title='bbox 731 2347 793 2407; x_wconf 82' lang='lat' dir='ltr'>fere</span> <span class='ocrx_word' id='word_1_220' title='bbox 810 2367 872 2407; x_wconf 91' lang='lat' dir='ltr'>non</span> <span class='ocrx_word' id='word_1_221' title='bbox 885 2355 1047 2426; x_wconf 81' lang='lat' dir='ltr'>conparent</span> <span class='ocrx_word' id='word_1_222' title='bbox 1063 2349 1123 2407; x_wconf 92' lang='lat' dir='ltr'>nisi</span> <span class='ocrx_word' id='word_1_223' title='bbox 1138 2352 1171 2408; x_wconf 89' lang='lat' dir='ltr'>iu</span> <span class='ocrx_word' id='word_1_224' title='bbox 1190 2353 1232 2408; x_wconf 88' lang='lat' dir='ltr'>eis</span> <span class='ocrx_word' id='word_1_225' title='bbox 1251 2355 1391 2409; x_wconf 87' lang='lat' dir='ltr'>carmini·</span> 
     </span>
     <span class='ocr_line' id='line_1_25' title="bbox 299 2431 1389 2512; baseline 0 -18"><span class='ocrx_word' id='word_1_226' title='bbox 299 2435 356 2494; x_wconf 90' lang='lat' dir='ltr'>bus</span> <span class='ocrx_word' id='word_1_227' title='bbox 370 2451 447 2512; x_wconf 90' lang='lat' dir='ltr'>quae</span> <span class='ocrx_word' id='word_1_228' title='bbox 464 2435 496 2491; x_wconf 91' lang='lat' dir='ltr'>in</span> <span class='ocrx_word' id='word_1_229' title='bbox 512 2431 600 2490; x_wconf 90' lang='lat' dir='ltr'>rebus</span> <span class='ocrx_word' id='word_1_230' title='bbox 618 2431 657 2490; x_wconf 90' lang='lat' dir='ltr'>ad</span> <span class='ocrx_word' id='word_1_231' title='bbox 674 2431 866 2491; x_wconf 79' lang='lat' dir='ltr'>cottidianam</span> <span class='ocrx_word' id='word_1_232' title='bbox 883 2435 976 2491; x_wconf 86' lang='lat' dir='ltr'>vitam</span> <span class='ocrx_word' id='word_1_233' title='bbox 993 2434 1208 2511; x_wconf 86' lang='lat' dir='ltr'>pertinentibus</span> <span class='ocrx_word' id='word_1_234' title='bbox 1222 2444 1389 2494; x_wconf 87' lang='lat' dir='ltr'>versantur.</span> 
     </span>
     <span class='ocr_line' id='line_1_26' title="bbox 300 2515 1390 2598; baseline 0.004 -21"><span class='ocrx_word' id='word_1_235' title='bbox 300 2539 370 2577; x_wconf 86' lang='lat' dir='ltr'>nam</span> <span class='ocrx_word' id='word_1_236' title='bbox 388 2520 508 2576; x_wconf 87' lang='lat' dir='ltr'>omnino</span> <span class='ocrx_word' id='word_1_237' title='bbox 525 2515 606 2575; x_wconf 87' lang='lat' dir='ltr'>baud</span> <span class='ocrx_word' id='word_1_238' title='bbox 622 2516 689 2576; x_wconf 88' lang='lat' dir='ltr'>leve</span> <span class='ocrx_word' id='word_1_239' title='bbox 703 2519 842 2576; x_wconf 87' lang='lat' dir='ltr'>orationis</span> <span class='ocrx_word' id='word_1_240' title='bbox 858 2520 935 2576; x_wconf 91' lang='lat' dir='ltr'>inter</span> <span class='ocrx_word' id='word_1_241' title='bbox 948 2526 1106 2598; x_wconf 90' lang='lat' dir='ltr'>utrumque</span> <span class='ocrx_word' id='word_1_242' title='bbox 1119 2538 1212 2595; x_wconf 84' lang='lat' dir='ltr'>genus</span> <span class='ocrx_word' id='word_1_243' title='bbox 1228 2519 1390 2581; x_wconf 86' lang='lat' dir='ltr'>discrimen</span> 
     </span>
     <span class='ocr_line' id='line_1_27' title="bbox 300 2600 1389 2680; baseline 0.004 -18"><span class='ocrx_word' id='word_1_244' title='bbox 300 2602 464 2662; x_wconf 88' lang='lat' dir='ltr'>intercedit.</span> <span class='ocrx_word' id='word_1_245' title='bbox 501 2600 580 2680; x_wconf 92' lang='lat' dir='ltr'>quod</span> <span class='ocrx_word' id='word_1_246' title='bbox 598 2621 665 2658; x_wconf 87' lang='lat' dir='ltr'>eum</span> <span class='ocrx_word' id='word_1_247' title='bbox 688 2621 725 2660; x_wconf 84' lang='lat' dir='ltr'>ex</span> <span class='ocrx_word' id='word_1_248' title='bbox 747 2602 815 2661; x_wconf 88' lang='lat' dir='ltr'>aliis</span> <span class='ocrx_word' id='word_1_249' title='bbox 832 2603 919 2662; x_wconf 90' lang='lat' dir='ltr'>rebus</span> <span class='ocrx_word' id='word_1_250' title='bbox 941 2611 1004 2661; x_wconf 86' lang='lat' dir='ltr'>tum</span> <span class='ocrx_word' id='word_1_251' title='bbox 1027 2623 1044 2663; x_wconf 90' lang='lat' dir='ltr'>e</span> <span class='ocrx_word' id='word_1_252' title='bbox 1064 2604 1222 2663; x_wconf 90' lang='lat' dir='ltr'>verborum</span> <span class='ocrx_word' id='word_1_253' title='bbox 1244 2605 1389 2666; x_wconf 88' lang='lat' dir='ltr'>electione</span> 
     </span>
     <span class='ocr_line' id='line_1_28' title="bbox 299 2685 1389 2769; baseline 0.001 -21"><span class='ocrx_word' id='word_1_254' title='bbox 299 2690 483 2768; x_wconf 87' lang='lat' dir='ltr'>perspicitur,</span> <span class='ocrx_word' id='word_1_255' title='bbox 506 2706 583 2766; x_wconf 91' lang='lat' dir='ltr'>quae</span> <span class='ocrx_word' id='word_1_256' title='bbox 601 2685 735 2746; x_wconf 83' lang='lat' dir='ltr'>Catullus</span> <span class='ocrx_word' id='word_1_257' title='bbox 757 2696 930 2765; x_wconf 83' lang='lat' dir='ltr'>argumento</span> <span class='ocrx_word' id='word_1_258' title='bbox 953 2691 1095 2769; x_wconf 84' lang='lat' dir='ltr'>cuiusque</span> <span class='ocrx_word' id='word_1_259' title='bbox 1112 2691 1251 2748; x_wconf 86' lang='lat' dir='ltr'>carminis</span> <span class='ocrx_word' id='word_1_260' title='bbox 1273 2711 1389 2750; x_wconf 87' lang='lat' dir='ltr'>accom-</span> 
     </span>
     <span class='ocr_line' id='line_1_29' title="bbox 299 2771 1390 2854; baseline 0.001 -21"><span class='ocrx_word' id='word_1_261' title='bbox 299 2774 421 2834; x_wconf 89' lang='lat' dir='ltr'>modare</span> <span class='ocrx_word' id='word_1_262' title='bbox 438 2771 552 2831; x_wconf 86' lang='lat' dir='ltr'>studuit</span> <span class='ocrx_word' id='word_1_263' title='bbox 571 2775 615 2830; x_wconf 88' lang='lat' dir='ltr'>ita</span> <span class='ocrx_word' id='word_1_264' title='bbox 636 2780 670 2830; x_wconf 92' lang='lat' dir='ltr'>ut</span> <span class='ocrx_word' id='word_1_265' title='bbox 686 2773 724 2831; x_wconf 93' lang='lat' dir='ltr'>ab</span> <span class='ocrx_word' id='word_1_266' title='bbox 747 2772 803 2832; x_wconf 90' lang='lat' dir='ltr'>hoc</span> <span class='ocrx_word' id='word_1_267' title='bbox 821 2775 996 2846; x_wconf 85' lang='lat' dir='ltr'>communia,</span> <span class='ocrx_word' id='word_1_268' title='bbox 1019 2771 1057 2832; x_wconf 90' lang='lat' dir='ltr'>ab</span> <span class='ocrx_word' id='word_1_269' title='bbox 1075 2773 1127 2833; x_wconf 90' lang='lat' dir='ltr'>illo</span> <span class='ocrx_word' id='word_1_270' title='bbox 1144 2775 1267 2834; x_wconf 82' lang='lat' dir='ltr'>laetiora</span> <span class='ocrx_word' id='word_1_271' title='bbox 1283 2776 1390 2854; x_wconf 92' lang='lat' dir='ltr'>procul</span> 
     </span>
    </p>
   </div>
   <div class='ocr_carea' id='block_1_7' title="bbox 299 2857 1460 2937">
    <p class='ocr_par' dir='ltr' id='par_1_8' title="bbox 299 2857 1460 2937">
     <span class='ocr_line' id='line_1_30' title="bbox 299 2857 1460 2937; baseline 0.002 -19"><span class='ocrx_word' id='word_1_272' title='bbox 299 2860 430 2920; x_wconf 83' lang='lat' dir='ltr'>haberet.</span> <span class='ocrx_word' id='word_1_273' title='bbox 461 2857 554 2917; x_wconf 91' lang='lat' dir='ltr'>veluti</span> <span class='ocrx_word' id='word_1_274' title='bbox 572 2859 687 2930; x_wconf 81' lang='lat' dir='ltr'>bociam,</span> <span class='ocrx_word' id='word_1_275' title='bbox 706 2857 883 2917; x_wconf 91' lang='lat' dir='ltr'>vocabulum</span> <span class='ocrx_word' id='word_1_276' title='bbox 899 2865 981 2918; x_wconf 90' lang='lat' dir='ltr'>tanto</span> <span class='ocrx_word' id='word_1_277' title='bbox 1000 2876 1088 2936; x_wconf 89' lang='lat' dir='ltr'>opere</span> <span class='ocrx_word' id='word_1_278' title='bbox 1105 2860 1162 2918; x_wconf 89' lang='lat' dir='ltr'>sibi</span> <span class='ocrx_word' id='word_1_279' title='bbox 1179 2860 1337 2937; x_wconf 89' lang='lat' dir='ltr'>probatum</span> <span class='ocrx_word' id='word_1_280' title='bbox 1356 2866 1389 2920; x_wconf 90' lang='lat' dir='ltr'>in</span> <span class='ocrx_word' id='word_1_281' title='bbox 1459 2877 1460 2902; x_wconf 53' lang='grc' dir='ltr'>ι</span> 
     </span>
    </p>
   </div>
   <div class='ocr_carea' id='block_1_8' title="bbox 299 2944 1390 4126">
    <p class='ocr_par' dir='ltr' id='par_1_9' title="bbox 299 2944 1390 4126">
     <span class='ocr_line' id='line_1_31' title="bbox 299 2944 1388 3024; baseline -0.001 -20"><span class='ocrx_word' id='word_1_282' title='bbox 299 2946 455 3024; x_wconf 87' lang='lat' dir='ltr'>poematiis</span> <span class='ocrx_word' id='word_1_283' title='bbox 481 2946 550 3015; x_wconf 88' lang='lat' dir='ltr'>suis,</span> <span class='ocrx_word' id='word_1_284' title='bbox 577 2963 644 3002; x_wconf 92' lang='lat' dir='ltr'>cum</span> <span class='ocrx_word' id='word_1_285' title='bbox 669 2963 723 3021; x_wconf 91' lang='lat' dir='ltr'>per</span> <span class='ocrx_word' id='word_1_286' title='bbox 747 2951 872 3002; x_wconf 90' lang='lat' dir='ltr'>metrum</span> <span class='ocrx_word' id='word_1_287' title='bbox 893 2951 993 3022; x_wconf 89' lang='lat' dir='ltr'>posset</span> <span class='ocrx_word' id='word_1_288' title='bbox 1014 2944 1104 3002; x_wconf 89' lang='lat' dir='ltr'>etiam</span> <span class='ocrx_word' id='word_1_289' title='bbox 1125 2965 1149 3004; x_wconf 91' lang='lat' dir='ltr'>c.</span> <span class='ocrx_word' id='word_1_290' title='bbox 1167 2944 1308 3005; x_wconf 90' lang='lat' dir='ltr'>LXVIH</span> <span class='ocrx_word' id='word_1_291' title='bbox 1327 2947 1388 3004; x_wconf 89' lang='grc'>127</span> 
     </span>
     <span class='ocr_line' id='line_1_32' title="bbox 299 3027 1390 3110; baseline -0.002 -20"><span class='ocrx_word' id='word_1_292' title='bbox 299 3049 418 3110; x_wconf 92' lang='lat' dir='ltr'>ponere,</span> <span class='ocrx_word' id='word_1_293' title='bbox 444 3037 544 3088; x_wconf 87' lang='lat' dir='ltr'>tamen</span> <span class='ocrx_word' id='word_1_294' title='bbox 569 3037 603 3087; x_wconf 91' lang='lat' dir='ltr'>ut</span> <span class='ocrx_word' id='word_1_295' title='bbox 627 3029 697 3088; x_wconf 91' lang='lat' dir='ltr'>buic</span> <span class='ocrx_word' id='word_1_296' title='bbox 722 3027 836 3104; x_wconf 81' lang='lat' dir='ltr'>elegiae</span> <span class='ocrx_word' id='word_1_297' title='bbox 860 3049 965 3106; x_wconf 90' lang='lat' dir='ltr'>parum</span> <span class='ocrx_word' id='word_1_298' title='bbox 991 3036 1092 3107; x_wconf 91' lang='lat' dir='ltr'>aptum</span> <span class='ocrx_word' id='word_1_299' title='bbox 1118 3031 1236 3108; x_wconf 87' lang='lat' dir='ltr'>respuit,</span> <span class='ocrx_word' id='word_1_300' title='bbox 1264 3035 1390 3088; x_wconf 82' lang='lat' dir='ltr'>osculum</span> 
     </span>
     <span class='ocr_line' id='line_1_33' title="bbox 299 3113 1388 3196; baseline 0 -21"><span class='ocrx_word' id='word_1_301' title='bbox 299 3114 447 3196; x_wconf 89' lang='lat' dir='ltr'>praetulit.</span> <span class='ocrx_word' id='word_1_302' title='bbox 483 3114 544 3172; x_wconf 89' lang='lat' dir='ltr'>alia</span> <span class='ocrx_word' id='word_1_303' title='bbox 564 3113 651 3172; x_wconf 89' lang='lat' dir='ltr'>huius</span> <span class='ocrx_word' id='word_1_304' title='bbox 673 3115 790 3190; x_wconf 86' lang='lat' dir='ltr'>generis</span> <span class='ocrx_word' id='word_1_305' title='bbox 813 3115 968 3191; x_wconf 90' lang='lat' dir='ltr'>conposuit</span> <span class='ocrx_word' id='word_1_306' title='bbox 993 3113 1130 3172; x_wconf 84' lang='lat' dir='ltr'>Suessius</span> <span class='ocrx_word' id='word_1_307' title='bbox 1150 3114 1170 3172; x_wconf 86' lang='lat' dir='ltr'>l</span> <span class='ocrx_word' id='word_1_308' title='bbox 1194 3135 1217 3174; x_wconf 83' lang='lat' dir='ltr'>c</span> <span class='ocrx_word' id='word_1_309' title='bbox 1239 3135 1268 3193; x_wconf 91' lang='lat' dir='ltr'>p.</span> <span class='ocrx_word' id='word_1_310' title='bbox 1288 3118 1388 3190; x_wconf 79' lang='lat' dir='ltr'>25ss,</span> 
     </span>
     <span class='ocr_line' id='line_1_34' title="bbox 300 3198 1388 3279; baseline 0.001 -21"><span class='ocrx_word' id='word_1_311' title='bbox 300 3219 489 3279; x_wconf 88' lang='lat' dir='ltr'>quamquam,</span> <span class='ocrx_word' id='word_1_312' title='bbox 515 3206 548 3257; x_wconf 93' lang='lat' dir='ltr'>ut</span> <span class='ocrx_word' id='word_1_313' title='bbox 575 3199 671 3257; x_wconf 91' lang='lat' dir='ltr'>solent</span> <span class='ocrx_word' id='word_1_314' title='bbox 692 3198 919 3271; x_wconf 87' lang='lat' dir='ltr'>Woelffliniani,</span> <span class='ocrx_word' id='word_1_315' title='bbox 946 3198 1066 3256; x_wconf 89' lang='lat' dir='ltr'>modum</span> <span class='ocrx_word' id='word_1_316' title='bbox 1088 3220 1148 3258; x_wconf 93' lang='lat' dir='ltr'>non</span> <span class='ocrx_word' id='word_1_317' title='bbox 1173 3202 1275 3259; x_wconf 80' lang='lat' dir='ltr'>tenuit.</span> <span class='ocrx_word' id='word_1_318' title='bbox 1315 3221 1388 3260; x_wconf 90' lang='lat' dir='ltr'>nam</span> 
     </span>
     <span class='ocr_line' id='line_1_35' title="bbox 301 3283 1389 3364; baseline 0.004 -22"><span class='ocrx_word' id='word_1_319' title='bbox 301 3283 382 3362; x_wconf 91' lang='lat' dir='ltr'>quod</span> <span class='ocrx_word' id='word_1_320' title='bbox 408 3304 516 3358; x_wconf 82' lang='lat' dir='ltr'>seraper·</span> <span class='ocrx_word' id='word_1_321' title='bbox 541 3284 717 3343; x_wconf 85' lang='lat' dir='ltr'>vocabulum</span> <span class='ocrx_word' id='word_1_322' title='bbox 740 3304 758 3341; x_wconf 93' lang='lat' dir='ltr'>a</span> <span class='ocrx_word' id='word_1_323' title='bbox 780 3283 959 3342; x_wconf 84' lang='lat' dir='ltr'>carminibus</span> <span class='ocrx_word' id='word_1_324' title='bbox 985 3283 1111 3343; x_wconf 86' lang='lat' dir='ltr'>I—LX</span> <span class='ocrx_word' id='word_1_325' title='bbox 1137 3284 1239 3345; x_wconf 90' lang='lat' dir='ltr'>abesse</span> <span class='ocrx_word' id='word_1_326' title='bbox 1263 3287 1389 3364; x_wconf 88' lang='lat' dir='ltr'>eiusque</span> 
     </span>
     <span class='ocr_line' id='line_1_36' title="bbox 300 3367 1389 3448; baseline 0.003 -22"><span class='ocrx_word' id='word_1_327' title='bbox 300 3370 366 3426; x_wconf 89' lang='lat' dir='ltr'>vice</span> <span class='ocrx_word' id='word_1_328' title='bbox 383 3387 470 3442; x_wconf 81' lang='lat' dir='ltr'>usqae</span> <span class='ocrx_word' id='word_1_329' title='bbox 487 3367 660 3427; x_wconf 86' lang='lat' dir='ltr'>adverbium</span> <span class='ocrx_word' id='word_1_330' title='bbox 677 3368 764 3445; x_wconf 82' lang='lat' dir='ltr'>fungi</span> <span class='ocrx_word' id='word_1_331' title='bbox 782 3371 832 3441; x_wconf 88' lang='lat' dir='ltr'>ait,</span> <span class='ocrx_word' id='word_1_332' title='bbox 856 3390 922 3427; x_wconf 89' lang='lat' dir='ltr'>cum</span> <span class='ocrx_word' id='word_1_333' title='bbox 943 3371 976 3426; x_wconf 91' lang='lat' dir='ltr'>in</span> <span class='ocrx_word' id='word_1_334' title='bbox 999 3369 1120 3448; x_wconf 91' lang='lat' dir='ltr'>reliquis</span> <span class='ocrx_word' id='word_1_335' title='bbox 1138 3368 1214 3428; x_wconf 92' lang='lat' dir='ltr'>illud</span> <span class='ocrx_word' id='word_1_336' title='bbox 1230 3370 1325 3428; x_wconf 87' lang='lat' dir='ltr'>solum</span> <span class='ocrx_word' id='word_1_337' title='bbox 1342 3375 1389 3430; x_wconf 90' lang='lat' dir='ltr'>in-</span> 
     </span>
     <span class='ocr_line' id='line_1_37' title="bbox 300 3451 1387 3530; baseline 0.002 -18"><span class='ocrx_word' id='word_1_338' title='bbox 300 3455 446 3524; x_wconf 85' lang='lat' dir='ltr'>veniatur,</span> <span class='ocrx_word' id='word_1_339' title='bbox 474 3451 579 3530; x_wconf 89' lang='lat' dir='ltr'>quidni</span> <span class='ocrx_word' id='word_1_340' title='bbox 603 3453 659 3511; x_wconf 90' lang='lat' dir='ltr'>hoc</span> <span class='ocrx_word' id='word_1_341' title='bbox 686 3456 767 3512; x_wconf 90' lang='lat' dir='ltr'>casui</span> <span class='ocrx_word' id='word_1_342' title='bbox 788 3452 838 3512; x_wconf 86' lang='lat' dir='ltr'>vel</span> <span class='ocrx_word' id='word_1_343' title='bbox 858 3456 1027 3512; x_wconf 86' lang='lat' dir='ltr'>necessitati</span> <span class='ocrx_word' id='word_1_344' title='bbox 1048 3458 1187 3514; x_wconf 83' lang='lat' dir='ltr'>metricae</span> <span class='ocrx_word' id='word_1_345' title='bbox 1213 3455 1387 3528; x_wconf 88' lang='lat' dir='ltr'>tribuamus,</span> 
     </span>
     <span class='ocr_line' id='line_1_38' title="bbox 300 3536 1387 3618; baseline 0 -20"><span class='ocrx_word' id='word_1_346' title='bbox 300 3536 421 3618; x_wconf 89' lang='lat' dir='ltr'>quando</span> <span class='ocrx_word' id='word_1_347' title='bbox 439 3556 547 3612; x_wconf 82' lang='lat' dir='ltr'>seraper</span> <span class='ocrx_word' id='word_1_348' title='bbox 564 3539 653 3595; x_wconf 88' lang='lat' dir='ltr'>etiam</span> <span class='ocrx_word' id='word_1_349' title='bbox 671 3541 892 3615; x_wconf 81' lang='lat' dir='ltr'>epigrammatis</span> <span class='ocrx_word' id='word_1_350' title='bbox 909 3537 1003 3597; x_wconf 82' lang='lat' dir='ltr'>XCII</span> <span class='ocrx_word' id='word_1_351' title='bbox 1018 3541 1034 3595; x_wconf 92' lang='lat'>1</span> <span class='ocrx_word' id='word_1_352' title='bbox 1051 3548 1080 3598; x_wconf 89' lang='lat' dir='ltr'>et</span> <span class='ocrx_word' id='word_1_353' title='bbox 1098 3538 1155 3598; x_wconf 82' lang='grc' dir='ltr'>ΟΧ</span> <span class='ocrx_word' id='word_1_354' title='bbox 1171 3543 1187 3597; x_wconf 99' lang='grc'>1</span> <span class='ocrx_word' id='word_1_355' title='bbox 1207 3559 1387 3613; x_wconf 88' lang='lat' dir='ltr'>concessum,</span> 
     </span>
     <span class='ocr_line' id='line_1_39' title="bbox 300 3621 1387 3703; baseline 0.002 -20"><span class='ocrx_word' id='word_1_356' title='bbox 300 3633 459 3703; x_wconf 90' lang='lat' dir='ltr'>utrumque</span> <span class='ocrx_word' id='word_1_357' title='bbox 489 3630 587 3680; x_wconf 89' lang='lat' dir='ltr'>autem</span> <span class='ocrx_word' id='word_1_358' title='bbox 614 3621 800 3694; x_wconf 87' lang='lat' dir='ltr'>adverbium,</span> <span class='ocrx_word' id='word_1_359' title='bbox 831 3634 865 3683; x_wconf 91' lang='grc' dir='ltr'>ιιι</span> <span class='ocrx_word' id='word_1_360' title='bbox 894 3625 957 3702; x_wconf 90' lang='lat' dir='ltr'>ipse</span> <span class='ocrx_word' id='word_1_361' title='bbox 988 3623 1124 3682; x_wconf 86' lang='lat' dir='ltr'>Suessius</span> <span class='ocrx_word' id='word_1_362' title='bbox 1151 3624 1317 3696; x_wconf 88' lang='lat' dir='ltr'>adnotavit,</span> <span class='ocrx_word' id='word_1_363' title='bbox 1350 3626 1387 3685; x_wconf 92' lang='lat' dir='ltr'>ab</span> 
     </span>
     <span class='ocr_line' id='line_1_40' title="bbox 300 3706 1388 3787; baseline 0 -18"><span class='ocrx_word' id='word_1_364' title='bbox 300 3711 426 3769; x_wconf 90' lang='lat' dir='ltr'>Horatio</span> <span class='ocrx_word' id='word_1_365' title='bbox 444 3709 477 3766; x_wconf 89' lang='lat' dir='ltr'>in</span> <span class='ocrx_word' id='word_1_366' title='bbox 499 3706 602 3766; x_wconf 89' lang='lat' dir='ltr'>eodem</span> <span class='ocrx_word' id='word_1_367' title='bbox 624 3710 754 3766; x_wconf 86' lang='lat' dir='ltr'>carmine</span> <span class='ocrx_word' id='word_1_368' title='bbox 770 3707 804 3765; x_wconf 94' lang='lat' dir='ltr'>II</span> <span class='ocrx_word' id='word_1_369' title='bbox 823 3709 850 3782; x_wconf 84' lang='lat'>9,</span> <span class='ocrx_word' id='word_1_370' title='bbox 869 3729 897 3767; x_wconf 89' lang='lat' dir='ltr'>v.</span> <span class='ocrx_word' id='word_1_371' title='bbox 917 3711 934 3766; x_wconf 94' lang='lat' dir='ltr'>l</span> <span class='ocrx_word' id='word_1_372' title='bbox 954 3716 984 3767; x_wconf 90' lang='lat' dir='ltr'>et</span> <span class='ocrx_word' id='word_1_373' title='bbox 1001 3711 1020 3766; x_wconf 87' lang='lat'>4</span> <span class='ocrx_word' id='word_1_374' title='bbox 1041 3713 1205 3787; x_wconf 88' lang='lat' dir='ltr'>promiscue</span> <span class='ocrx_word' id='word_1_375' title='bbox 1222 3709 1388 3769; x_wconf 85' lang='lat' dir='ltr'>adhibitum</span> 
     </span>
     <span class='ocr_line' id='line_1_41' title="bbox 301 3791 1390 3873; baseline 0 -19"><span class='ocrx_word' id='word_1_376' title='bbox 301 3794 360 3854; x_wconf 76' lang='lat' dir='ltr'>sit?</span> <span class='ocrx_word' id='word_1_377' title='bbox 400 3802 528 3853; x_wconf 87' lang='lat' dir='ltr'>ceterum</span> <span class='ocrx_word' id='word_1_378' title='bbox 554 3791 663 3851; x_wconf 90' lang='lat' dir='ltr'>accidit</span> <span class='ocrx_word' id='word_1_379' title='bbox 694 3792 841 3851; x_wconf 90' lang='lat' dir='ltr'>interdum</span> <span class='ocrx_word' id='word_1_380' title='bbox 872 3793 1043 3872; x_wconf 88' lang='lat' dir='ltr'>inprudenti</span> <span class='ocrx_word' id='word_1_381' title='bbox 1070 3793 1187 3853; x_wconf 81' lang='lat' dir='ltr'>Catullo</span> <span class='ocrx_word' id='word_1_382' title='bbox 1213 3802 1246 3854; x_wconf 89' lang='lat' dir='ltr'>ut</span> <span class='ocrx_word' id='word_1_383' title='bbox 1270 3795 1390 3873; x_wconf 89' lang='lat' dir='ltr'>plebeia</span> 
     </span>
     <span class='ocr_line' id='line_1_42' title="bbox 301 3876 1390 3958; baseline 0 -19"><span class='ocrx_word' id='word_1_384' title='bbox 301 3882 391 3940; x_wconf 89' lang='lat' dir='ltr'>etiam</span> <span class='ocrx_word' id='word_1_385' title='bbox 406 3882 441 3938; x_wconf 91' lang='lat' dir='ltr'>in</span> <span class='ocrx_word' id='word_1_386' title='bbox 458 3878 545 3936; x_wconf 87' lang='lat' dir='ltr'>docta</span> <span class='ocrx_word' id='word_1_387' title='bbox 561 3884 698 3956; x_wconf 84' lang='lat' dir='ltr'>poemata</span> <span class='ocrx_word' id='word_1_388' title='bbox 715 3876 890 3937; x_wconf 87' lang='lat' dir='ltr'>admitteret.</span> <span class='ocrx_word' id='word_1_389' title='bbox 917 3881 960 3938; x_wconf 89' lang='lat' dir='ltr'>sic</span> <span class='ocrx_word' id='word_1_390' title='bbox 977 3878 1056 3958; x_wconf 90' lang='lat' dir='ltr'>quod</span> <span class='ocrx_word' id='word_1_391' title='bbox 1074 3899 1097 3938; x_wconf 90' lang='lat' dir='ltr'>c.</span> <span class='ocrx_word' id='word_1_392' title='bbox 1112 3879 1217 3940; x_wconf 89' lang='lat' dir='ltr'>LXIV</span> <span class='ocrx_word' id='word_1_393' title='bbox 1232 3880 1293 3937; x_wconf 93' lang='grc'>277</span> <span class='ocrx_word' id='word_1_394' title='bbox 1314 3879 1390 3939; x_wconf 85' lang='lat' dir='ltr'>dixit</span> 
     </span>
     <span class='ocr_line' id='line_1_43' title="bbox 302 3963 1390 4043; baseline -0.001 -20"><span class='ocrx_word' id='word_1_395' title='bbox 302 3967 343 4023; x_wconf 87' lang='lat' dir='ltr'>od</span> <span class='ocrx_word' id='word_1_396' title='bbox 363 3985 393 4022; x_wconf 82' lang='lat' dir='ltr'>se</span> <span class='ocrx_word' id='word_1_397' title='bbox 414 3965 591 4022; x_wconf 82' lang='lat' dir='ltr'>discedebant</span> <span class='ocrx_word' id='word_1_398' title='bbox 613 3983 666 4041; x_wconf 91' lang='lat' dir='ltr'>pro</span> <span class='ocrx_word' id='word_1_399' title='bbox 684 3963 793 4019; x_wconf 85' lang='lat' dir='ltr'>domam</span> <span class='ocrx_word' id='word_1_400' title='bbox 810 3965 994 4035; x_wconf 82' lang='lat' dir='ltr'>discedebant,</span> <span class='ocrx_word' id='word_1_401' title='bbox 1022 3964 1054 4021; x_wconf 91' lang='lat' dir='ltr'>id</span> <span class='ocrx_word' id='word_1_402' title='bbox 1075 3963 1231 4024; x_wconf 85' lang='lat' dir='ltr'>mani-festo</span> <span class='ocrx_word' id='word_1_403' title='bbox 1250 3985 1288 4024; x_wconf 88' lang='lat' dir='ltr'>ex</span> <span class='ocrx_word' id='word_1_404' title='bbox 1306 3966 1390 4043; x_wconf 82' lang='lat' dir='ltr'>vulgi</span> 
     </span>
     <span class='ocr_line' id='line_1_44' title="bbox 302 4048 1389 4126; baseline 0.004 -20"><span class='ocrx_word' id='word_1_405' title='bbox 302 4048 514 4108; x_wconf 90' lang='lat' dir='ltr'>consuetudine</span> <span class='ocrx_word' id='word_1_406' title='bbox 537 4048 647 4107; x_wconf 87' lang='lat' dir='ltr'>dictum</span> <span class='ocrx_word' id='word_1_407' title='bbox 669 4055 721 4120; x_wconf 88' lang='lat' dir='ltr'>est,</span> <span class='ocrx_word' id='word_1_408' title='bbox 744 4055 778 4106; x_wconf 91' lang='lat' dir='ltr'>ut</span> <span class='ocrx_word' id='word_1_409' title='bbox 794 4056 898 4108; x_wconf 84' lang='lat' dir='ltr'>extant</span> <span class='ocrx_word' id='word_1_410' title='bbox 921 4048 1030 4106; x_wconf 89' lang='lat' dir='ltr'>similia</span> <span class='ocrx_word' id='word_1_411' title='bbox 1046 4048 1174 4126; x_wconf 89' lang='lat' dir='ltr'>plurima</span> <span class='ocrx_word' id='word_1_412' title='bbox 1190 4051 1223 4109; x_wconf 89' lang='lat' dir='ltr'>in</span> <span class='ocrx_word' id='word_1_413' title='bbox 1239 4050 1389 4110; x_wconf 88' lang='lat' dir='ltr'>Plautinis</span> 
     </span>
    </p>
   </div>
   <div class='ocr_carea' id='block_1_9' title="bbox 302 4132 1460 4196">
    <p class='ocr_par' dir='ltr' id='par_1_10' title="bbox 302 4132 1460 4196">
     <span class='ocr_line' id='line_1_45' title="bbox 302 4132 1460 4196; baseline 0.004 -5"><span class='ocrx_word' id='word_1_414' title='bbox 302 4133 468 4192; x_wconf 89' lang='lat' dir='ltr'>comoediis.</span> <span class='ocrx_word' id='word_1_415' title='bbox 495 4133 598 4194; x_wconf 91' lang='lat' dir='ltr'>eodem</span> <span class='ocrx_word' id='word_1_416' title='bbox 615 4132 802 4193; x_wconf 85' lang='lat' dir='ltr'>referendum</span> <span class='ocrx_word' id='word_1_417' title='bbox 820 4134 953 4193; x_wconf 91' lang='lat' dir='ltr'>ducimus</span> <span class='ocrx_word' id='word_1_418' title='bbox 971 4137 1084 4192; x_wconf 78' lang='lat' dir='ltr'>volturii</span> <span class='ocrx_word' id='word_1_419' title='bbox 1100 4154 1208 4195; x_wconf 91' lang='lat' dir='ltr'>nomen</span> <span class='ocrx_word' id='word_1_420' title='bbox 1225 4135 1258 4195; x_wconf 91' lang='lat' dir='ltr'>in</span> <span class='ocrx_word' id='word_1_421' title='bbox 1274 4136 1390 4196; x_wconf 89' lang='lat' dir='ltr'>heredi·</span> <span class='ocrx_word' id='word_1_422' title='bbox 1459 4173 1460 4186; x_wconf 30' lang='grc' dir='ltr'>ι</span> 
     </span>
    </p>
   </div>
   <div class='ocr_carea' id='block_1_10' title="bbox 0 0 1488 4990">
    <p class='ocr_par' dir='ltr' id='par_1_11' title="bbox 0 0 1488 4990">
     <span class='ocr_line' id='line_1_46' title="bbox 0 0 1488 4990; baseline 0 0"><span class='ocrx_word' id='word_1_423' title='bbox 0 0 1488 4990; x_wconf 95' lang='lat' dir='ltr'> </span> 
     </span>
    </p>
   </div>
  </div>
 </body>
</html>
