2954 4990
304 375 346 416 XX
733 373 959 417 Pnonnsorfflas

306 492 483 553 difficultate
498 495 543 553 rei
558 495 742 553 nummariae
758 492 916 553 liberatum
931 511 1003 552 esse.
1034 494 1145 572 quippe
1162 513 1250 575 quem
1270 503 1404 574 propter

304 580 420 652 nimios,
438 580 610 658 praesertim
626 598 680 657 pro
697 580 788 657 patrie
801 579 990 656 parsimonia,
1008 587 1140 657 sumptus
1157 599 1197 639 ex
1210 597 1278 640 aere
1291 581 1399 639 alieno

303 662 454 722 laborasse
475 666 602 723 sciamus
623 661 713 739 (conf.
735 663 797 723 Cic
819 684 847 742 p.
872 661 953 722 Cael.
975 661 992 736 ἓ
1016 665 1063 721 17.
1087 666 1136 723 36.
1160 665 1200 723 38
1223 685 1290 724 cum
1310 665 1399 724 Dru-

304 769 413 808 manno
425 748 469 820 Π,
483 751 582 827 p.411
599 746 658 825 sa).
686 755 788 807 contm
799 767 895 825 nugas
909 755 1094 824 agunt—ut
1107 751 1231 808 strictim
1243 751 1398 826 attingam

304 832 384 913 quod
404 832 583 893 refutatione
604 832 728 909 dignum
749 854 810 893 non
833 840 940 892 est-
962 834 1014 911 qui
1035 835 1124 893 etiam
1147 833 1279 894 Caelium
1297 836 1396 895 Vero·

303 937 426 979 nensem
447 913 520 992 (vid.
538 937 562 976 c.
580 918 688 978 LVIII
710 926 740 979 et
756 915 794 992 C)
816 917 943 978 eundem
965 937 1032 977 cum
1054 917 1155 978 Caelio
1173 920 1252 979 Rufo
1275 928 1396 980 oratore

303 1022 367 1063 cese
392 1003 518 1082 probare
538 1002 666 1062 student.
701 1003 793 1063 alium
816 1002 927 1062 Catulli
947 1004 980 1061 in
1001 1022 1101 1063 amore
1118 1003 1245 1064 Lesbiae
1265 1005 1396 1065 rivalem

302 1088 444 1148 Lesbium
468 1091 667 1164 cognovimus.
699 1108 757 1168 quo
780 1088 899 1168 quidem
921 1089 1048 1160 nomine,
1071 1107 1139 1148 cum
1156 1088 1266 1148 Lesbia
1286 1090 1394 1149 fictum

301 1192 410 1233 nomen
431 1175 470 1233 sit
490 1194 542 1252 pro
562 1172 679 1246 Clodia,
703 1173 826 1233 Clodius
849 1171 970 1252 quidam
992 1172 1174 1249 significetur
1196 1193 1314 1234 necesse
1335 1184 1391 1235 est
1462 1195 1463 1234 1

299 1257 427 1318 Lesbius
445 1265 544 1318 autem
560 1261 617 1318 iste
634 1279 659 1318 c.
677 1258 819 1318 LXXIX
840 1268 873 1316 ut
889 1257 1016 1317 Lesbiae
1036 1257 1227 1336 cunnilingus
1250 1260 1391 1338 carpitur.
1462 1303 1463 1318 .

301 1343 381 1402 idem
399 1343 437 1402 ad
450 1342 583 1402 libidinis
598 1363 691 1421 genus
706 1343 830 1403 Sextum
844 1341 989 1416 Clodium,
1007 1341 1042 1400 P.
1057 1341 1155 1402 Clodii
1167 1343 1391 1420 adsectatorem‚

302 1427 426 1489 Clodiae
442 1428 671 1508 quadrantariae
688 1448 808 1507 operam
825 1447 910 1486 suam
927 1426 1126 1487 commodasse
1144 1426 1247 1488 Cicero
1271 1432 1392 1508 saepius
1462 1429 1463 1506 ξ

301 1513 458 1591 significat,
477 1515 509 1571 in
526 1515 630 1592 primis
647 1515 680 1571 in
697 1516 829 1573 oratione
847 1512 884 1571 de
901 1512 988 1570 domo
1006 1511 1023 1586 ᾗ
1043 1513 1091 1570 25.
1109 1512 1185 1572 conf.
1204 1515 1294 1573 etiam
1311 1512 1328 1588 5
1347 1517 1392 1574 47
1462 1525 1463 1608 ζ

300 1607 331 1657 et
348 1599 398 1670 83,
421 1605 452 1657 et
467 1618 510 1656 or.
527 1618 556 1676 p.
576 1596 657 1656 Cael.
675 1596 692 1671 ᾗ
713 1600 761 1656 78.
797 1601 898 1676 itaque
919 1597 999 1656 hunc
1018 1616 1086 1658 cese
1106 1617 1175 1658 eum
1193 1617 1280 1678 quem
1300 1609 1394 1678 poeta
1462 1615 1463 1686 ᾗ

300 1683 403 1742 Lesbii
421 1684 541 1742 nomine
561 1681 690 1742 inrideat
708 1703 795 1761 quam
818 1684 947 1742 maxime
964 1682 1125 1760 probabile,
1148 1701 1187 1743 nc
1209 1683 1306 1743 dicam
1328 1703 1392 1744 car
1462 1749 1463 1762 .

299 1776 364 1826 tum
382 1774 435 1841 est,
457 1769 667 1846 perspexitque
683 1771 796 1845 primus
812 1767 913 1830 Iustus
925 1768 1045 1846 Lipsius
1062 1770 1212 1827 variarum
1228 1768 1393 1830 lectionum

299 1852 319 1911 l.
337 1852 363 1926 I,
382 1872 406 1911 c.
425 1851 453 1910 5.
490 1854 538 1910 eui
555 1854 718 1912 sententiae
735 1852 909 1912 Schwabius
926 1873 955 1932 p.
975 1854 1015 1912 90
1028 1872 1065 1911 ss.
1084 1855 1195 1912 iniuria
1215 1852 1391 1915 adversatus

300 1945 352 1997 est
386 1939 440 2016 qui
465 1937 616 1997 Muretum
641 1946 758 1998 secutus
779 1937 921 1997 Publium
946 1939 1044 2016 potius
1066 1936 1204 1997 Clodium
1226 1938 1392 2015 significari
1462 1981 1463 2008 ,

299 2022 373 2096 vult,
401 2022 441 2081 ad
466 2024 550 2082 euius
576 2042 740 2101 cognomen
762 2022 885 2082 Pulchri
910 2029 1028 2102 poetam
1052 2022 1152 2082 verbis
1178 2023 1318 2084 ‘Lesbius
1344 2034 1392 2085 est

298 2107 415 2186 pulcer’
441 2109 608 2186 respexisse
632 2117 725 2187 putat
764 2127 868 2168 verum
894 2107 985 2167 talem
1010 2108 1093 2166 vocis
1119 2127 1196 2187 quae
1221 2115 1266 2168 est
1287 2113 1392 2186 pulcer

299 2193 525 2270 ambiguitatem
543 2214 561 2252 a
577 2196 672 2273 primo
695 2194 745 2252 hic
767 2201 895 2253 statuere
916 2213 978 2252 non
1000 2200 1044 2252 est
1065 2195 1275 2268 necessarium,
1298 2197 1391 2254 statui

299 2286 399 2338 autem
416 2297 514 2358 posse,
538 2281 628 2337 etiam
649 2281 675 2337 si
692 2277 761 2338 Sex.
781 2277 920 2338 Clodium
941 2277 1160 2354 intellegamus,
1182 2298 1253 2338 mox
1272 2278 1391 2340 videbi-

298 2383 372 2422 mus.
405 2363 513 2422 deinde
526 2363 561 2422 P.
578 2362 715 2423 Clodium
731 2369 836 2423 notum
854 2370 898 2424 est
912 2362 1032 2441 quidem
1049 2365 1245 2442 suspicionem
1258 2364 1391 2425 incestus

299 2467 367 2507 oum
385 2466 483 2507 sorore
509 2447 582 2506 facti
604 2448 743 2508 habuisse
770 2443 858 2522 (conf.
886 2447 945 2507 loci
968 2469 985 2506 a
1007 2448 1182 2507 Drumanno
1203 2448 1247 2522 H,
1272 2470 1301 2528 p.
1325 2451 1389 2509 381
1462 2479 1463 2490 ³

299 2533 362 2591 sive
380 2552 398 2591 a
415 2531 571 2590 Sehwabio
588 2552 617 2611 p.
633 2535 672 2590 62
691 2531 844 2610 congesti),
863 2531 916 2592 sed
932 2531 964 2590 id
981 2532 1127 2608 flagitium
1145 2533 1225 2613 quod
1243 2536 1391 2612 epigram-

298 2624 377 2676 mate
396 2615 566 2676 Catulliano
588 2616 737 2676 indicatur
758 2637 845 2677 nemo
868 2625 1002 2676 veterum
1019 2618 1048 2677 ei
1068 2617 1268 2697 exprobravit,
1290 2639 1391 2700 neque

298 2701 472 2762 Schwabius
489 2701 599 2761 talibus
620 2702 693 2762 locis
711 2702 807 2781 qualis
830 2709 874 2763 est
889 2701 1042 2762 Ciceronis
1061 2697 1214 2763 Sestianae
1231 2703 1249 2778 ἓ
1269 2706 1318 2778 16,
1334 2705 1391 2766 ubi

298 2793 397 2846 orator
416 2789 571 2846 inimicum
597 2807 683 2847 suum
704 2787 854 2847 hominem
876 2787 972 2846 ‘omni
993 2787 1129 2847 inaudita
1150 2787 1288 2848 libidine’
1310 2791 1391 2849 insa·

296 2892 371 2932 num
388 2873 465 2946 sive,
486 2879 521 2931 ut
537 2893 605 2932 cum
622 2872 771 2933 veteribus
789 2871 950 2932 editoribus
967 2872 1059 2946 malo,
1082 2873 1224 2933 infamem
1241 2872 1325 2948 dicit,
1348 2875 1391 2934 ad

297 2957 508 3018 stabiliendam
525 2978 608 3018 suam
627 2960 804 3018 sententiam
822 2957 904 3017 abuti
922 2956 1032 3017 debuit
1068 2958 1148 3038 quod
1164 2977 1235 3018 vero
1253 2959 1333 3020 idem
1351 2959 1391 3020 de

297 3043 367 3102 Sex.
387 3042 492 3103 Clodio
511 3045 636 3120 cogitari
652 3062 738 3124 posse
759 3050 852 3120 negat
871 3050 1027 3121 propterea
1047 3045 1119 3123 quia
1139 3043 1219 3103 huno
1240 3064 1301 3104 non
1321 3045 1390 3123 pul·
1462 3107 1463 3112 ,

298 3127 410 3201 chrum,
435 3128 488 3187 sed
506 3127 667 3189 deformem
685 3130 783 3208 potius
805 3128 897 3188 fuisse
920 3126 1072 3188 Ciceronis
1088 3130 1121 3187 in
1137 3127 1278 3188 Pisonem
1295 3132 1389 3190 oratio

297 3211 315 3284 ἓ
335 3215 354 3271 8
373 3212 485 3286 doceat,
507 3234 569 3272 non
586 3214 734 3274 intellexit
751 3232 877 3274 acumen
897 3215 985 3292 primi
1007 3232 1117 3285 versus,
1140 3213 1221 3293 quod
1241 3214 1328 3293 quale
1348 3218 1392 3275 sit
1462 3279 1463 3282 ,

296 3296 517 3356 Vorlaenderus
534 3296 554 3356 l.
572 3318 596 3357 c
615 3320 644 3377 p.
663 3299 681 3357 5
700 3307 779 3360 recte
801 3297 969 3378 explicavit.
1005 3299 1145 3356 nimirum
1167 3301 1209 3358 sic
1230 3297 1321 3358 verba
1341 3300 1390 3359 in·

295 3379 479 3458 tellegenda:
506 3380 662 3442 ‘Lesbium
689 3404 756 3443 cum
781 3391 869 3443 antea
899 3403 1013 3463 semper
1036 3383 1200 3444 deformem
1225 3383 1388 3458 habuerim,

297 3484 410 3525 errasse
422 3484 469 3524 me
484 3485 519 3526 eo
532 3466 656 3545 adparet
663 3467 863 3548 quodLesbia
875 3467 960 3527 illum
973 3468 1048 3526 mihi
1061 3469 1232 3549 anteponit’
1258 3477 1389 3529 ceterum

297 3570 365 3610 cum
385 3558 475 3629 poeta
496 3550 638 3612 Lesbiam
661 3552 740 3612 dicat
756 3552 899 3612 Lesbium
921 3553 1011 3612 malle
1033 3573 1123 3634 quam
1144 3571 1177 3614 se
1200 3555 1291 3613 ‘eum
1311 3561 1389 3613 tota

296 3635 416 3713 gente'
440 3655 502 3710 sua,
526 3637 606 3717 quod
623 3657 695 3698 sane
712 3639 820 3697 mirum
837 3645 889 3712 eet,
914 3640 1070 3718 gentisque
1090 3641 1198 3698 iterum
1218 3659 1247 3698 v.
1266 3641 1285 3698 3
1308 3658 1388 3698 men-

295 3723 407 3783 tionem
424 3721 525 3795 faeiat,
549 3740 587 3781 ne
605 3722 638 3782 id
656 3723 777 3804 quidem
793 3742 854 3782 non
876 3732 974 3802 potest
990 3731 1102 3786 certum
1119 3723 1242 3804 aliquod
1262 3743 1388 3783 acumen

295 3806 412 3867 habere.
448 3807 551 3868 videor
569 3819 668 3868 autem
685 3809 759 3868 mihi
776 3808 850 3889 quid
866 3809 961 3868 subsit
978 3809 1133 3869 enucleare
1149 3829 1244 3888 posse.
1276 3809 1389 3869 scilicet

296 3890 365 3951 Sex.
384 3891 508 3952 Clodius
530 3912 591 3952 non
609 3901 673 3953 erat
694 3897 791 3972 gentis
810 3893 966 3968 Claudiae,
994 3894 1047 3954 sed
1067 3895 1155 3954 homo
1176 3895 1301 3955 obscuro
1322 3895 1387 3954 loco

294 3984 383 4038 natus
409 3997 574 4058 egensque,
607 3998 695 4058 quem
721 4000 740 4038 a
764 3979 869 4040 liberto
896 3978 1015 4039 Claudii
1046 3979 1200 4040 cuiusdam
1229 3979 1388 4040 oriundum
1462 3975 1463 4002 ³

294 4061 388 4121 fuisse
404 4064 599 4124 Drumannus
615 4065 659 4138 H,
677 4085 706 4144 p.
726 4065 786 4124 386
805 4064 997 4144 probabiliter
1013 4067 1178 4144 suspicatus
1199 4073 1251 4125 est
1286 4067 1387 4145 itaque

295 4153 417 4225 poetam
443 4151 786 4230 primo-epigrammatis
812 4150 938 4211 disticho
964 4169 1026 4210 non
1051 4149 1147 4210 solum
1173 4149 1389 4211 deformitatem
1462 4185 1463 4218 r
