2968 4990
575 405 691 460 LIBER

288 551 348 593 vos
366 526 440 592 hinc
457 527 577 592 interea
594 528 698 593 valete
717 526 801 592 abite

292 623 367 687 illuc
385 622 469 686 unde
487 624 607 687 malum
625 622 739 707 pedem
757 621 915 698 attulistis,

233 760 236 772 ·
265 715 389 781 *saecli
405 716 615 792 incommoda,
634 715 763 800 pessimi
781 725 904 800 poetae.

577 1003 692 1069 st

289 1123 330 1189 Si
348 1121 404 1208 qui
421 1121 502 1188 forte
521 1146 663 1188 mearum
681 1122 870 1208 ineptiarum

292 1218 427 1283 lectores
444 1217 529 1282 eritis
547 1237 722 1302 manusque
741 1227 861 1280 vestras

292 1333 356 1375 non
373 1311 541 1376 horrebitis
560 1311 728 1376 admovere
745 1310 849 1386 nobis,

290 1802 491 1868 Commendo
509 1803 567 1867 tibi
585 1825 636 1868 me
655 1824 692 1867 ac
709 1825 798 1867 meos
817 1769 950 1879 amoreh,
985 1867 987 1872 ,

293 1897 415 1961 Aureli.
452 1896 577 1962 veniam
595 1906 668 1980 peto
686 1896 868 1983 pudentem,

293 2000 338 2067 ut,
357 1991 384 2054 si
402 1989 573 2073 quicquam
591 1991 696 2052 animo
714 2000 769 2053 tuo
788 1987 912 2073 cupisti,

290 2084 380 2167 'quod
397 2093 519 2148 eastum
537 2093 701 2167 expeteres
719 2093 751 2146 et
767 2082 964 2166 integellum,

291 2199 460 2242 conserves
478 2199 612 2262 puerum
630 2175 708 2238 mihi
725 2175 848 2260 pudice.

293 2292 357 2334 non
375 2271 446 2334 dieo
464 2293 484 2334 a
501 2269 633 2355 populo:
652 2269 730 2334 nihil
748 2291 894 2334 veremur

293 2365 371 2428 istos
384 2363 440 2448 qui
453 2364 485 2427 in
500 2364 606 2449 platea
619 2363 714 2428 modo
728 2363 791 2427 huc
804 2361 898 2426 modo
911 2362 986 2428 illuc

292 2458 327 2522 in
344 2480 378 2522 re
396 2467 598 2541 praetereunt
615 2479 673 2521 sua
691 2457 850 2542 occupati:

236 2564 239 2574 “
292 2574 404 2616 verum
422 2575 442 2615 a
459 2562 490 2616 te
508 2562 615 2616 metuo
633 2561 751 2634 tuoque
769 2573 850 2636 pene

290 2644 408 2709 infesto
426 2645 532 2729 pueris
549 2645 642 2708 bonis
660 2645 824 2727 malisque.

292 2759 389 2820 quem
408 2749 442 2800 tu
461 2761 526 2822 qua
543 2737 642 2815 lubet,
660 2749 697 2802 ut
714 2737 812 2812 lubet,
830 2747 956 2801 moveto

291 2840 448 2914 quantum
468 2832 525 2907 vis,
544 2831 600 2895 ubi
618 2831 677 2896 erit
693 2830 771 2895 foris
790 2842 950 2915 paratum:

294 2923 380 2987 hunc
398 2948 497 2988 unum
515 2924 650 3009 excipio,
669 2934 705 2988 ut
722 2934 809 3009 puto,
829 2923 994 3008 pudenter.

292 3019 381 3101 quod
399 3017 426 3082 si
444 3029 474 3082 te
492 3018 577 3082 mala
594 3041 683 3082 mens
701 3016 852 3099 furorque
870 3039 981 3082 vecors

293 3112 328 3174 in
346 3121 466 3176 tantam
483 3111 642 3196 inpulerit,
662 3112 802 3186 sceleste,
821 3111 958 3195 eulpam,

293 3216 332 3270 ut
348 3216 489 3269 nostrum
508 3205 628 3269 insidiis
647 3214 744 3289 eaput
760 3205 908 3280 lacessas,

291 3315 315 3362 'a
332 3309 399 3362 tum
418 3310 448 3363 te
467 3299 618 3363 miserum
634 3298 774 3380 malique
791 3297 858 3372 fati,

292 3413 390 3475 quem
408 3393 547 3456 attractis
564 3391 698 3476 pedibus
716 3401 844 3476 patente
861 3400 952 3475 porta

294 3498 480 3571 percurrent
497 3485 692 3572 raphanique
711 3485 918 3570 mugilesque.

586 3774 683 3841 XVI.

294 3894 457 3959 Pedicabo
476 3917 535 3979 ego
554 3915 610 3958 vos
629 3908 660 3985 et
676 3895 852 3970 inrumabo,

217 4059 218 4068 χ
296 3989 408 4054 Aureli
426 3988 552 4074 pathice
570 4004 601 4052 et
620 3988 749 4054 cinaede
768 3988 857 4070 Furi,

294 4081 350 4166 qui
368 4105 418 4146 me
437 4105 476 4146 ex
495 4081 657 4146 versieulis
675 4082 752 4147 meis
771 4080 916 4165 putastis,

292 4175 381 4260 quod
399 4185 473 4239 sunt
489 4174 650 4252 molliculi,
668 4198 780 4260 parum
797 4174 960 4260 pudicum.
1011 4167 1013 4170 ’
