2968 4990
337 313 393 389 112
778 331 949 391 ossuum

315 473 333 529 5
480 480 555 522 nam
574 465 696 522 eastum
715 477 784 522 esse
802 456 895 522 decet
911 455 999 540 pium
1017 464 1144 542 poetam
1184 491 1189 494 ·

477 551 594 638 ipsum,
612 548 784 615 versiculos
802 549 882 614 nihil
899 561 1068 627 necessest,

478 644 534 729 qui
552 654 620 708 tum
638 643 774 727 denique
791 643 911 709 habent
928 643 1026 709 salem
1045 645 1254 731 solemnem,

479 737 506 803 si
524 747 598 801 sunt
616 736 767 802 molliculi
784 758 821 801 ac
839 759 951 822 parum
969 737 1078 822 pudici

479 842 511 897 et
527 830 614 915 quod
632 830 754 916 pruriat
770 830 902 895 incitare
918 843 1061 916 possunt,

478 947 543 990 non
561 924 632 988 dico
649 923 766 1010 pueris,
784 924 841 990 sed
857 922 907 987 his
926 924 1045 1010 pilosis,

477 1018 533 1102 qui
551 1018 647 1082 duros
663 1027 827 1100 nequeunt
843 1039 970 1083 movere
987 1017 1123 1084 lumbos.

477 1133 544 1186 vos,
563 1110 648 1194 quod
666 1109 753 1173 milia
770 1109 870 1174 multa
886 1109 1049 1174 basiorum

475 1204 609 1289 legistis,
626 1205 710 1269 mole
727 1225 779 1267 me
796 1224 917 1267 marem
935 1204 1073 1288 putatis?

476 1296 632 1384 pedicabo
650 1319 711 1396 ego
729 1318 785 1361 vos
804 1306 835 1362 et
852 1296 1026 1362 inrumabo.

803 1575 918 1643 XVII.

391 1696 424 1764 Ο
444 1695 588 1773 Colonia,
606 1716 689 1779 quae
707 1695 797 1781 cupis
815 1707 913 1782 ponte
929 1695 1039 1762 ludere
1056 1696 1162 1782 longo,

390 1802 422 1858 et
439 1791 532 1855 salire
551 1799 697 1874 paratum
714 1788 823 1866 habes,
843 1789 898 1854 sed
917 1788 1033 1854 vereris
1052 1788 1160 1874 inepto

390 1907 482 1950 crura
499 1882 651 1968 ponticuli
670 1882 782 1946 assulis
800 1882 910 1946 stantis
929 1882 961 1945 in
980 1882 1141 1959 redivivis,

389 2001 429 2044 ne
448 1977 581 2062 supinus
599 1986 651 2041 eat
668 1997 811 2058 cavaque
829 1975 861 2039 in
880 1976 996 2060 palude
1014 1977 1188 2052 recumbat,

300 2135 301 2140 ,
390 2074 435 2138 sio
453 2071 510 2135 tibi
528 2071 630 2135 bonus
649 2093 688 2134 ex
707 2079 762 2133 tua
779 2091 860 2154 pons
877 2069 1008 2134 libidine
1026 2071 1091 2146 fiat,

388 2166 423 2231 in
441 2187 505 2249 quo
523 2165 573 2228 vel
592 2162 788 2229 Salisubsilis
807 2184 896 2227 sacra
915 2163 1139 2248 suscipiantur:

389 2281 505 2325 munus
523 2256 584 2345 hoc
601 2256 678 2320 mihi
696 2256 826 2321 maximi
845 2257 895 2335 ds,
916 2256 1059 2334 Colonia,
1077 2257 1169 2321 risus.

389 2351 549 2437 quendam
564 2350 755 2434 municipem
774 2374 881 2416 meum
900 2351 940 2415 de
957 2361 1013 2415 tuo
1031 2349 1103 2416 volo
1121 2361 1217 2436 ponte

389 2448 434 2511 ire
452 2443 657 2530 praecipitem
669 2444 702 2507 in
716 2444 818 2508 lutum
831 2467 888 2529 per
901 2456 1059 2530 caputque
1071 2444 1242 2530 pedesque,

389 2560 501 2604 verum
518 2537 614 2600 totius
631 2546 668 2599 ut
684 2537 771 2600 lacus
789 2537 982 2622 putidaeque
999 2537 1123 2622 paludis

389 2630 577 2698 lividissima
593 2629 793 2713 maximeque
812 2641 859 2696 est
875 2631 1034 2716 profunda
1051 2653 1181 2716 vorago.

389 2724 617 2791 insulsissimus
636 2734 682 2789 est
700 2723 804 2801 homo,
822 2747 882 2790 nec
900 2725 980 2810 sapit
998 2725 1089 2810 pueri
1106 2725 1204 2789 instar

390 2819 503 2886 bimuli
520 2817 654 2884 tremula
670 2819 767 2902 patris
786 2818 968 2883 dormientis
986 2820 1019 2882 in
1037 2820 1121 2883 ulna.

391 2914 467 2998 quoi
485 2935 558 2977 eum
576 2913 615 2976 sit
634 2912 822 2977 viridissimo
840 2924 940 2998 nupta
957 2913 1033 2978 flore
1050 2913 1157 2999 puello

293 3072 296 3074 ,
390 3011 436 3090 (et
452 3006 559 3093 puello
575 3005 725 3071 tenellulo
744 3006 906 3071 delicatior
923 3007 1034 3081 haedo,

390 3099 587 3166 adservanda
604 3099 781 3184 nigerrimis
799 3099 980 3186 diligentius
997 3101 1092 3184 uvis),

388 3196 498 3260 ludere
516 3194 598 3259 hanc
616 3192 691 3257 sinit
707 3204 743 3258 ut
760 3193 858 3271 lubet,
877 3217 935 3259 nec
954 3194 1009 3279 pili
1027 3194 1103 3259 facit
1119 3194 1185 3272 uni,

388 3310 448 3354 nec
466 3310 500 3353 se
517 3287 663 3353 sublevat
681 3310 720 3352 ex
738 3310 796 3352 sua
813 3289 912 3373 parte,
931 3289 987 3352 sed
1004 3289 1091 3353 velut
1108 3289 1198 3352 alnus

387 3382 422 3447 in
439 3382 525 3447 fossa
541 3381 656 3466 Liguri
673 3381 756 3446 iaoet
773 3394 964 3468 suppernata
982 3383 1094 3460 securi,
1171 3449 1174 3458 Δ

388 3474 575 3540 tantundem
589 3475 694 3539 omnia
707 3475 844 3541 sentiens
858 3498 953 3559 quam
973 3477 999 3539 si
1017 3477 1104 3541 nulla
1122 3476 1162 3541 sit
1173 3497 1327 3560 usquam,

387 3570 458 3634 talis
475 3568 535 3632 iste
551 3590 641 3633 meus
661 3578 770 3653 stupor
786 3569 832 3634 nil
847 3569 945 3646 videt,
963 3569 1042 3633 nihil
1061 3570 1159 3647 audit,

385 3664 454 3750 ipse
468 3662 523 3747 qui
537 3661 586 3740 sit,
600 3673 706 3725 utrum
720 3663 812 3727 sitan
827 3685 891 3728 non
905 3665 954 3739 sit,
968 3663 1002 3726 id
1015 3685 1142 3748 quoque
1155 3663 1263 3730 nescit.

385 3757 471 3822 nun'e
489 3779 563 3822 eum
579 3756 651 3820 volo
670 3756 710 3821 de
727 3768 781 3821 tuo
799 3769 894 3843 ponte
912 3758 1036 3822 mittere
1054 3779 1200 3844 pronum,

387 3852 414 3916 si
431 3861 505 3936 pote
524 3849 673 3916 stolidum
691 3861 820 3935 repente
839 3851 976 3917 excitare
993 3862 1158 3916 veternum

290 3959 326 4014 25
385 3956 417 4010 et
434 3943 583 4029 supinum
601 3943 741 4008 animum
759 3943 792 4008 in
809 3945 900 4029 gravi
915 3945 1133 4030 derelinquere
1151 3967 1259 4024 oaen0,

385 4037 521 4104 ferream
538 4047 575 4103 ut
592 4037 711 4102 soleam
728 4039 832 4103 tenaci
849 4038 883 4103 in
900 4038 1051 4124 voragine
1069 4039 1165 4103 mula.

769 4169 940 4182 ——ffl
