2968 4990
267 394 340 436 XCVI
701 391 929 435 PROLRGOMBNA

265 531 385 592 quoque
398 511 614 591 Transpadana
630 511 708 570 bene
721 519 792 570 nota
804 510 903 571 fuisse.
937 509 1014 570 conf.
1033 532 1060 589 p.
1075 511 1166 570 XIII.
1199 531 1277 591 quae
1293 533 1376 573 cum

267 602 310 657 ita
328 602 395 671 sint,
414 600 503 656 etiam
520 596 715 656 honorificum
729 594 860 656 Cornelii
878 595 914 655 de
930 600 1013 675 poesi
1028 597 1198 658 Catulliana
1211 597 1374 658 iudicium

264 687 301 742 in
317 687 413 761 primo
436 684 566 741 carmine
583 683 840 740 commemoratum
862 681 1055 760 probabiliter
1075 681 1211 741 videmur
1227 682 1268 740 ad
1286 703 1372 742 eun-

268 768 336 828 dem
353 787 500 846 passerem
520 765 607 825 modo
621 765 733 825 editum
750 765 867 824 referre.
896 785 933 825 ex
947 785 981 826 eo
995 773 1094 825 autem
1110 787 1211 826 rursus
1229 767 1373 826 efficitur

263 862 300 912 ut
313 852 433 913 libellus
446 852 485 911 ad
496 851 582 910 illum
595 855 701 910 missus
714 859 781 929 post
787 854 844 910 iter
852 851 1042 925 Bithynicum
1056 850 1205 929 prodierit,
1215 855 1369 931 quoniam

266 942 347 998 inter
367 938 455 996 huius
476 937 634 997 voluminis
657 935 818 994 editionem
839 944 869 995 et
894 939 982 995 istam
1008 936 1209 996 laudationem
1229 937 1366 1016 Nepotis

268 1023 455 1103 aliquantum
476 1024 616 1099 temporIs
638 1022 837 1080 intercessisse
855 1022 971 1080 seimus.
1015 1029 1103 1101 atque
1120 1020 1191 1080 inde
1209 1024 1301 1080 etiam
1323 1023 1367 1081 ad

263 1108 392 1167 ¹alteram
418 1109 622 1185 quaestionem
652 1114 795 1185 quaeest
823 1105 859 1164 de
881 1105 1061 1165 carminibus
1084 1107 1138 1165 hoc
1163 1106 1265 1165 libello
1289 1127 1365 1166 con·

267 1192 421 1271 prehensis
439 1191 553 1271 aliquid
570 1198 648 1251 certe
665 1189 842 1269 proficimus.
878 1193 933 1249 etsi
951 1193 1031 1250 enim
1048 1211 1124 1270 quae
1142 1201 1271 1271 quotque
1289 1213 1365 1251 con·

262 1281 390 1338 tinuerit
414 1297 519 1356 corpus
543 1274 682 1335 Cornelio
708 1278 882 1354 inscriptum
909 1284 1044 1335 accurate
1070 1275 1192 1335 definire
1218 1276 1298 1334 velle
1328 1280 1364 1336 In

263 1364 358 1422 tantis
375 1362 504 1422 tenebris
523 1360 684 1420 absurdum
701 1359 784 1433 foret,
802 1369 904 1419 tamen
921 1360 951 1419 id
970 1361 1074 1420 saltem
1090 1360 1191 1438 paullo
1205 1361 1364 1420 confiden-

263 1449 326 1507 tius
344 1447 500 1506 adfirmare
517 1446 619 1505 licebit
635 1445 775 1525 pleraque
792 1449 940 1524 poematia
957 1447 1001 1505 ibi
1019 1446 1141 1505 collecta
1159 1445 1197 1504 ad
1214 1465 1262 1504 res
1276 1467 1361 1506 anno

268 1528 382 1609 696l58
406 1535 581 1611 posteriores
603 1533 779 1609 pertinuisse
797 1538 826 1588 et
846 1532 925 1589 inter
947 1530 1006 1589 alia
1024 1549 1059 1591 ea
1075 1530 1199 1590 infuisse
1222 1550 1300 1610 quae
1319 1532 1366 1590 ad

265 1622 364 1697 ipsam
384 1619 654 1696 peregrinationem
677 1614 788 1673 Catulli
810 1614 987 1695 domumque
1009 1615 1184 1675 raditionem
1210 1624 1362 1694 spectant,

264 1711 301 1760 ut
328 1703 458 1760 carmina
479 1701 526 1760 IV
546 1700 578 1758 X
598 1700 743 1759 XXVIII
765 1699 876 1759 XXXI
897 1701 1002 1760 XLVI
1023 1700 1074 1772 CI,
1101 1700 1208 1779 qulbus
1234 1709 1364 1780 propter
1475 1727 1476 1756 r

265 1797 432 1865 temporum
457 1787 585 1844 rationes
607 1785 656 1843 IX
679 1804 794 1863 quoque
822 1793 851 1844 et
872 1786 955 1844 XIII
977 1784 1167 1862 adirmgenda
1193 1805 1361 1845 censemus.

263 1880 384 1952 practer
401 1871 459 1930 duo
477 1870 550 1930 haec
562 1873 775 1948 poematiorum
791 1869 951 1947 lyricorum
965 1891 1087 1949 corpora
1101 1870 1250 1930 Catullum
1265 1874 1362 1930 etiam

268 1959 381 2016 maiora
407 1977 460 2015 sua
486 1957 617 2014 carmina
639 1957 736 2035 ipsum
758 1954 885 2014 edidisse
909 1975 962 2016 cur
982 1955 1152 2032 negandum
1174 1958 1212 2015 sit
1234 1975 1360 2014 causam

267 2043 381 2101 nullam
400 2040 577 2121 dispicimus.
614 2048 644 2100 et
660 2039 791 2119 epyllion
809 2039 928 2118 quidem
946 2039 983 2099 de
1000 2043 1110 2118 nuptiis
1127 2040 1211 2098 Pelei
1229 2049 1257 2100 et
1275 2041 1361 2100 The-

262 2127 346 2201 tidis,
373 2127 453 2207 quod
479 2147 568 2205 supra
593 2127 734 2204 suspicati
760 2144 860 2183 sumus
885 2127 918 2184 ln
938 2124 1082 2204 Bithynia
1108 2124 1257 2194 eonditum
1280 2145 1357 2198 esse,

261 2213 386 2292 quando
408 2231 462 2290 per
483 2231 515 2270 se
538 2210 632 2270 solum
654 2214 686 2270 in
707 2209 943 2286 magnitudinem
963 2210 1033 2269 libri
1053 2213 1161 2289 poetici
1183 2210 1359 2270 extenditur

265 2315 364 2378 neque
382 2297 464 2356 aliud
484 2300 563 2355 inter
580 2295 750 2355 Catulliana
767 2314 885 2354 carmen
907 2298 1023 2374 epicum
1046 2303 1135 2368 extat,
1161 2295 1241 2354 haud
1263 2295 1358 2356 dubie

263 2385 434 2461 separatim,
457 2380 705 2461 quemadmodum
722 2381 853 2457 Zmyrna
870 2378 994 2448 Cinnae,
1015 2381 1198 2459 publicatum
1215 2389 1267 2440 est.
1304 2380 1356 2441 de-

265 2467 338 2525 inde
360 2486 474 2525 comam
495 2467 651 2525 Berenices
674 2485 740 2523 curn
766 2467 929 2542 praemissa
953 2465 993 2522 ad
1014 2464 1149 2525 Ortalum
1175 2466 1303 2543 epistula
1324 2475 1357 2526 et

264 2551 395 2627 elegiam
418 2550 456 2609 ad
474 2549 588 2608 Allium
611 2548 714 2608 eodem
736 2551 852 2608 circiter
868 2557 1008 2628 tempore,
1031 2549 1060 2608 h.
1079 2569 1102 2609 e.
1122 2570 1148 2608 a.
1168 2547 1282 2626 694ί60
1302 2560 1356 2610 aut

268 2636 383 2707 695159
412 2637 535 2713 scriptas
565 2641 596 2692 ct
625 2636 834 2713 conpositionis
864 2638 978 2694 ratione
1009 2634 1193 2715 aliquatenus
1218 2637 1297 2696 inter
1321 2655 1356 2697 se

264 2721 377 2781 similes
404 2723 436 2779 in
462 2719 653 2778 monobiblon
683 2722 855 2778 coniunctas
885 2719 976 2780 fuisse
1001 2741 1061 2779 non
1087 2728 1131 2780 est
1156 2721 1354 2799 inprobabile‚

263 2807 406 2886 ¹idemque
427 2809 460 2864 in
478 2804 551 2864 duos
574 2805 753 2883 hymenaeos
775 2805 861 2863 cadit.
898 2805 934 2865 ds
950 2805 1073 2884 reliquis
1095 2805 1273 2864 carminibus
1292 2827 1356 2865 ma-

266 2892 378 2952 ioribus
401 2894 568 2950 conlectura
590 2889 777 2950 abstinemus.
819 2894 1032 2969 epigrammata
1053 2909 1123 2949 vero
1144 2893 1177 2948 in
1195 2890 1354 2951 Caesarem

266 2978 520 3056 Caesarianosque
537 2975 625 3048 facta,
642 2984 676 3033 ut
693 2979 746 3033 vix
763 2979 861 3053 putari
878 2982 1000 3053 possunt
1017 2977 1049 3034 in
1067 2974 1169 3034 libello
1187 2973 1226 3033 ad
1243 2975 1355 3036 Corne-

267 3063 340 3121 lium
363 3066 451 3121 misso
473 3062 571 3121 locum
587 3061 734 3133 habuisse,
758 3063 847 3120 etiam
870 3064 895 3118 si
918 3078 985 3120 eum
1002 3080 1080 3119 anno
1099 3059 1218 3119 demum
1237 3061 1354 3136 700s54

267 3146 399 3226 prodisse
421 3167 579 3220 sumamus,
601 3149 644 3204 ita
665 3167 736 3204 num
760 3148 879 3204 omnino
901 3165 920 3204 a
943 3144 1060 3204 Catullo
1082 3147 1114 3205 ln
1136 3165 1228 3204 unum
1251 3156 1354 3204 coacta

267 3232 448 3310 bibliopolae
468 3232 578 3291 tradita
600 3233 659 3290 sint
680 3231 810 3289 dubitari
831 3229 908 3289 licet.
943 3250 1014 3288 nam
1035 3237 1102 3309 post
1119 3229 1351 3290 satisfactionem

261 3315 389 3395 quidem
405 3324 509 3394 poetae
526 3318 592 3375 fieri
613 3316 645 3375 id
664 3316 747 3375 nullo
770 3313 857 3374 modo
878 3318 1008 3394 potuisse
1028 3319 1088 3374 iam
1107 3335 1196 3395 supra
1214 3314 1367 3375 diximus*

267 3404 368 3479 itaque
382 3403 439 3458 ista
452 3401 622 3460 credibilius
636 3409 680 3460 est
692 3409 806 3460 mortuo
818 3398 935 3459 Catullo
945 3401 1069 3460 collecta
1083 3420 1153 3473 esse,
1169 3420 1234 3459 eum
1249 3403 1352 3480 eisque

267 3486 329 3544 alia
350 3504 411 3543 non
429 3485 512 3543 nulla
529 3505 605 3564 quae
626 3485 677 3545 ille
699 3489 839 3546 extremis
855 3489 935 3544 vitae
954 3504 1024 3545 suae
1043 3489 1129 3546 annis
1149 3493 1351 3565 conposuerat,

263 3570 363 3631 veluti
380 3573 512 3629 carmIna
529 3570 704 3629 XXXVIII
722 3579 750 3630 et
766 3570 883 3643 XLIX,
906 3579 958 3628 aut
976 3574 1133 3630 memoriae
1149 3571 1274 3650 prodere
1291 3591 1352 3630 non

262 3659 458 3733 cogitaverat,
485 3656 585 3734 qualia
611 3663 679 3713 sunt
703 3655 896 3733 probabiliter
923 3655 982 3715 CII
1008 3665 1036 3716 et
1063 3654 1146 3730 CIII,
1174 3663 1203 3716 ct
1229 3656 1352 3717 fortasse

265 3745 358 3801 etiam
375 3740 479 3801 CXVI
493 3748 522 3800 et
535 3740 587 3812 LI,
605 3747 785 3819 possuntque
803 3760 837 3800 ea
856 3748 907 3799 aut
921 3741 1006 3800 alteri
1023 3744 1081 3800 utri
1099 3740 1136 3802 de
1154 3739 1268 3802 duobus
1286 3760 1352 3823 poe·

262 3835 414 3886 matorum
431 3829 577 3885 micorum
596 3825 765 3903 corporibus
784 3825 885 3884 addita
898 3833 949 3884 aut
968 3834 1102 3903 separato
1116 3825 1261 3885 volumini
1276 3847 1351 3886 com·

266 3915 359 3971 missa
381 3930 452 3973 esse.
488 3915 531 3971 ita
553 3909 695 3989 conplura
717 3911 888 3970 monobibla
910 3911 1080 3972 Catulliana
1106 3911 1249 3970 extabant
1275 3921 1352 3972 certe

266 4017 360 4076 usque
385 3996 425 4055 ad
451 4005 577 4056 aetatem
602 3995 755 4068 Martialis,
784 3999 834 4075 qui
860 4015 961 4056 eorum
986 4018 1079 4055 unum
1105 4001 1351 4058 commemoravit.

265 4091 423 4161 postquam
446 4090 544 4142 autem
566 4081 605 4140 ad
626 4081 819 4160 propaganda
840 4081 1004 4141 litterarum
1025 4091 1215 4142 monumenta
1236 4082 1351 4142 codices

262 4167 451 4226 membranei
474 4171 507 4227 in
529 4187 713 4227 communem
734 4186 820 4226 usum
842 4169 935 4246 recipi
956 4175 1025 4227 sunt
1047 4168 1151 4248 coepti,
1179 4170 1279 4226 omnia
1300 4168 1356 4228 illa
