2954 4990
555 359 782 403 PBOLEGOIOENA
1161 362 1214 404 LXI

123 499 272 562 parergon
289 499 318 559 p.
338 480 450 539 11311.
485 481 545 538 1111
567 501 633 540 oum
649 479 808 540 Suetonius
830 481 863 538 in
884 473 1215 541 11111111117301·

122 565 231 625 tullum
244 565 365 625 Caesari
383 566 454 632 eatis
468 564 571 624 fecisse
585 566 623 625 ab
638 585 730 645 eoque
745 583 835 624 cenae
849 563 1015 626 adhibitum
1029 573 1213 638 1111111111,

123 671 186 711 non
203 657 300 728 potest
323 648 445 710 dubium
468 668 531 710 esse
549 650 622 729 quin
643 649 705 710 fere
725 650 806 710 idem
827 653 916 710 etiam
937 653 969 709 in
991 650 1060 709 libri
1082 649 1119 710 de
1140 653 1214 710 viris

122 734 299 795 inlustribus
317 754 353 794 ea
375 743 458 814 parte
476 754 551 813 quae
575 743 638 794 erat
655 735 693 794 de
709 738 812 814 poetis,
836 734 889 795 sed
910 734 960 794 hic
977 735 1097 814 quidem
1113 735 1214 814 paullo

122 819 250 900 plenius,
273 819 426 880 rettulerit.
459 819 564 899 quodsi
586 819 629 879 ibi
648 823 778 899 repperit
794 820 995 898 Hieronymus
1014 819 1165 880 Catullum
1180 823 1213 878 in

123 904 228 965 Gallia
244 906 387 977 citeriore,
410 925 477 966 cum
491 904 602 965 Caesar
614 903 653 963 ad
666 913 829 964 conventus
842 905 973 982 agendos
991 904 1063 964 illuc
1077 909 1213 978 venisset,

123 988 162 1050 ab
181 1009 215 1049 eo
233 993 396 1069 inpetrasse
408 993 539 1063 veniam,
556 1009 617 1049 non
630 989 722 1049 multo
736 996 834 1048 autem
846 998 914 1067 post
925 991 1052 1050 Romam
1063 1008 1214 1049 reversum

123 1078 271 1134 tricesimo
289 1075 394 1135 aetatis
411 1094 490 1133 anno
507 1081 653 1134 mortuum
671 1093 742 1147 esse,
762 1073 847 1133 facile
865 1073 929 1134 fieri
946 1079 1043 1153 potuit
1054 1082 1088 1135 ut
1101 1075 1214 1134 obitum

123 1167 231 1238 poetae
256 1162 289 1219 in
315 1163 444 1239 primum
469 1158 519 1218 vel
545 1159 670 1219 alterum
695 1158 911 1236 proconsularis
938 1162 1055 1238 imperii
1078 1158 1214 1219 Caesaris

123 1265 236 1304 annum
252 1245 383 1304 incidere
405 1252 543 1318 sumeret3
566 1242 647 1302 unde
668 1262 851 1322 consequens
873 1252 936 1301 erat
956 1251 990 1303 11
1010 1244 1213 1321 undetriginta

122 1328 174 1390 vel
190 1331 315 1405 triginta
332 1331 419 1388 annis
441 1328 550 1388 additis
571 1328 686 1387 natales
706 1327 817 1387 Catulli
838 1327 878 1386 ad
899 1347 1011 1387 annum
1027 1328 1101 1387 Abr.
1121 1330 1212 1402 1930,

120 1418 143 1474 1.
162 1433 187 1474 1.
207 1409 331 1490 1167187,
350 1412 536 1474 adscriberet.
571 1431 675 1472 verum
692 1420 759 1471 utut
774 1413 830 1472 hoc
848 1430 912 1472 sese
928 1412 1027 1487 babet,
1049 1421 1128 1474 certe
1146 1433 1213 1472 con·

121 1501 189 1578 puti
206 1499 444 1577 Hieronymiani,
467 1517 592 1577 quorum
613 1497 689 1556 alter
710 1500 762 1576 qui
783 1497 824 1555 ad
845 1517 957 1557 annum
978 1500 1079 1558 mortis
1102 1497 1213 1557 Catulli

121 1586 252 1663 pertinet
271 1582 428 1642 manifesto
450 1591 539 1663 atque
564 1584 713 1642 communi
740 1602 884 1642 consensu
905 1586 1028 1645 vitiosus
1050 1591 1102 1656 cst,
1129 1583 1212 1642 nullo

120 1667 211 1728 modo
229 1688 283 1727 nos
306 1667 461 1747 inpediunt
479 1671 552 1746 quin
573 1670 653 1728 uitae
676 1676 790 1745 tempus
811 1675 915 1746 poetae
936 1669 979 1726 ita
1001 1671 1212 1728 constituamus

122 1760 157 1812 ut
175 1753 310 1813 omnibus
328 1771 404 1831 quae
421 1753 478 1812 huo
495 1752 609 1812 faciunt
625 1753 712 1812 rebus
730 1751 831 1812 sedulo
849 1754 1002 1832 pensitatis
1019 1756 1084 1813 veri
1100 1752 1213 1812 similli-

119 1860 205 1898 mum
217 1838 302 1897 nobis
315 1837 442 1897 videtur.
467 1839 575 1916 itaque,
590 1857 658 1895 oum
669 1839 747 1896 inter
760 1840 892 1898 carmina
906 1837 1075 1898 Catulliana
1089 1859 1212 1917 quorum

120 1931 256 2002 tempora
268 1922 392 1982 definire
409 1923 479 1981 licet
492 1921 606 1981 nullum
619 1924 787 1981 inveniatur
799 1922 880 2001 quod
891 1933 958 2001 post
971 1943 1082 1982 annum
1097 1919 1212 2000 700154

121 2011 265 2086 scriptum
283 2026 346 2067 esse
364 2007 557 2066 demonstrari
573 2010 677 2085 possit,
694 2007 848 2085 probabile
865 2015 910 2066 est
927 2026 999 2066 sane
1017 2016 1134 2087 poetam
1151 2028 1212 2066 non

118 2097 166 2152 ita
182 2093 273 2153 multo
295 2099 362 2170 post
379 2111 396 2152 e
413 2095 477 2151 vita
498 2095 671 2164 excessisse,
693 2095 867 2170 praesertim
888 2112 955 2150 cum
977 2111 1043 2152 eum
1064 2095 1211 2152 tricesimo

119 2181 228 2237 1111111
246 2197 325 2235 1111
342 2184 490 2237 mortuum
507 2195 571 2236 esse
588 2175 725 2237 Suetonii
741 2178 908 2236 testimonio
926 2185 1046 2236 constet
1077 2184 1107 2236 11
1125 2179 1211 2236 mira·

120 2283 190 2321 mur
207 2259 357 2320 Catullum
380 2280 398 2319 a
419 2261 567 2341 plerisque
589 2261 670 2322 credi
690 2265 755 2340 ipso
778 2282 857 2321 anno
879 2261 929 2320 illo
954 2256 1212 2340 7001541111111

122 2347 230 2420 obisse,
252 2349 338 2426 quasi
356 2355 450 2424 poeta,
472 2347 525 2406 ubi
542 2349 668 2426 primum
686 2365 787 2406 versus
805 2347 902 2407 facere
924 2345 1047 2420 desinat,
1071 2351 1211 2408 continuo

119 2431 230 2491 debeat
252 2431 290 2490 ad
315 2431 425 2490 inferos
448 2431 632 2493 descendere.
666 2451 773 2511 neque,
804 2434 830 2492 si
851 2431 965 2492 nullum
986 2451 1066 2492 nunc
1092 2451 1212 2492 carmen

121 2514 326 2576 Catullianum
338 2537 419 2576 anno
435 2513 549 2595 700154
563 2516 686 2576 inferius
698 2520 852 2596 reperitur,
871 2525 989 2596 poetam
1001 2516 1078 2576 nihil
1091 2521 1211 2577 omnino

119 2610 188 2680 post
204 2602 283 2661 bunc
299 2622 412 2662 annum
429 2606 580 2682 scripsisse
597 2605 736 2682 sequitur.
763 2623 834 2660 nam
847 2611 876 2662 et
888 2605 1040 2682 perierunt
1053 2622 1114 2662 non
1127 2603 1211 2662 nulla

118 2695 152 2746 et
173 2705 367 2766 eorumquae
389 2695 505 2746 servata
527 2695 596 2748 sunt
616 2687 710 2746 multa
731 2695 809 2747 certo
831 2691 970 2766 temporis
993 2691 1078 2764 signo
1100 2694 1210 2747 carent.

118 2779 168 2830 111
186 2782 284 2831 autem
300 2775 379 2832 inter
395 2772 468 2831 haec
485 2793 578 2831 unum
595 2772 699 2831 saltem
712 2772 792 2852 quod
810 2772 909 2853 aliqua
923 2793 989 2832 cum
1001 2772 1211 2851 probabilitate

118 2877 201 2916 anno
224 2861 283 2915 1111
308 2859 454 2935 posterius
480 2875 543 2917 1111
568 2861 710 2930 11111111,
737 2877 856 2916 carmen
877 2857 1052 2917 XXXVIII
1078 2856 1144 2916 dico
1171 2855 1211 2916 ad

120 2939 314 3002 Gomificium
331 2943 460 3013 missum,
479 2945 588 3021 inquo
607 2940 742 3001 Catullus
760 2943 816 3000 sibi
832 2944 866 3000 in
884 2942 946 3001 1111
964 2949 994 3001 11
1009 2941 1097 3000 horas
1114 2945 1210 3018 magis

117 3025 198 3084 male
215 3031 245 3084 et
261 3024 406 3084 laboriose
424 3043 487 3084 esse
504 3027 644 3105 queritur,
662 3034 773 3085 utnon
790 3045 887 3085 errare
910 3026 1067 3084 videantur
1083 3028 1135 3105 qui
1155 3025 1209 3084 bos

120 3109 281 3170 versiculos
298 3113 359 3168 iam
371 3110 520 3169 mortifere
538 3113 704 3188 aegrotanti
722 3110 892 3169 attribuant.
919 3109 1025 3188 quodsi
1037 3130 1104 3170 cum
1116 3110 1210 3170 flebili

108 3195 176 3254 'hoc
198 3197 354 3274 poematio,
382 3194 495 3254 adflicti
520 3197 651 3273 graviter
677 3198 769 3254 animi
792 3193 972 3268 documento,
999 3193 1052 3254 illa
1079 3198 1210 3254 carmina

117 3280 295 3359 conparabis
318 3299 393 3359 quae
415 3299 505 3358 supra
530 3287 629 3340 nostro
651 3283 715 3340 iure
737 3299 815 3339 anno
840 3271 953 3356 700154
976 3278 1206 3357 adsignavimus,

118 3365 208 3442 longe
227 3364 376 3424 diversum
398 3367 431 3424 in
453 3367 496 3426 eis
518 3385 622 3424 sonum
644 3363 853 3444 deprehendes.
889 3364 1049 3426 ostendunt
1070 3368 1149 3424 enim
1172 3385 1209 3426 ea

117 3457 171 3509 aut
187 3450 312 3510 hilarem
330 3450 516 3530 alacremque
534 3453 672 3522 animum,
694 3449 787 3510 veluti
808 3470 833 3508 c.
850 3449 929 3509 LIII
953 3459 982 3510 et
1003 3452 1098 3527 magis
1119 3452 1209 3510 etiam

118 3535 183 3609 LV,
202 3535 282 3615 quod
298 3555 376 3594 novo
394 3537 515 3614 insuper
531 3545 602 3595 tuno
619 3554 718 3595 amore
734 3543 852 3612 poetam
869 3543 987 3614 captum
1008 3534 1099 3595 fuisse
1120 3543 1209 3594 testa-

119 3627 174 3692 tur,
194 3627 245 3678 aut
263 3612 452 3680 acerbitatem
469 3620 548 3693 salis,
571 3630 604 3680 ut
621 3642 645 3680 c.
664 3620 769 3679 XLIX
793 3629 823 3680 et
840 3630 979 3700 quattuor
996 3624 1210 3699 epigrammata

118 3708 151 3764 in
172 3705 337 3765 Mentulam
360 3707 478 3784 scripta,
501 3725 598 3785 neque
619 3705 714 3765 ullum
734 3705 878 3765 indicium
899 3709 1083 3784 propinquae
1105 3708 1208 3764 mortis

119 3808 190 3869 prae
212 3809 244 3850 11
266 3790 372 3850 ferunt.
407 3790 575 3870 quodcum
597 3791 670 3863 dico,
698 3811 736 3851 ne
757 3812 781 3850 c
803 3791 865 3850 LII
887 3791 1005 3870 quidem
1028 3791 1153 3868 excipio,
1175 3793 1209 3850 in

120 3895 177 3954 quo
203 3875 355 3955 Hauptius
370 3875 465 3948 11111,
495 3896 562 3935 cum
587 3875 641 3936 hos
671 3875 785 3934 iambos
811 3877 934 3936 Vatinio
964 3874 1084 3935 consule
1114 3875 1207 3934 factos

119 3968 243 4040 putaret,
263 3960 413 4041 quandam
430 3964 516 4041 quasi
533 3963 634 4019 mortis
652 3964 889 4039 praesensionem
906 3960 1051 4038 fractique
1069 3961 1160 4020 animi
1178 3968 1208 4020 et

119 4047 167 4105 oui
188 4048 269 4105 vitae
293 4055 461 4124 pertaesum
489 4052 564 4104 esset
589 4044 737 4105 adfectum
762 4046 820 4104 sibi
845 4044 1026 4121 adgnoscere
1051 4043 1209 4104 videbatur

118 4130 209 4206 (conf.
227 4150 325 4212 opusc
343 4131 368 4205 1,
385 4153 415 4211 p.
435 4127 500 4208 ll);
524 4151 611 4210 quam
632 4132 800 4210 opinionem
821 4137 925 4209 postea
946 4131 1043 4210 ipsum
1065 4127 1209 4190 abiecisse
