2968 4990
769 312 938 374 CATULLI

780 504 915 570 XXIII.

488 623 577 700 Furi,
596 622 647 688 cui
664 645 769 706 neque
788 645 898 690 servus
916 636 964 690 est
980 647 1085 710 neque
1102 651 1180 694 arca
1246 657 1250 668 ·

487 738 548 783 nec
567 717 670 782 cimex
686 739 790 800 neque
808 740 943 782 araneus
960 739 1064 801 neque
1081 721 1175 806 ignis,
1258 710 1262 714 ’

489 833 600 877 verum
620 821 668 875 est
685 822 717 876 et
733 821 824 896 pater
841 822 873 876 et
889 833 1036 889 noverca,
1055 835 1195 898 quorum

490 906 601 970 dentes
618 905 669 970 vel
687 905 808 970 silicem
827 927 968 970 comesse
986 922 1129 991 possunt,

489 1008 538 1064 cst
554 999 663 1084 pulcre
681 999 738 1062 tibi
757 1020 829 1064 cum
848 1009 902 1064 tuo
919 1010 1051 1085 parente

445 1163 448 1170 ,
489 1103 611 1158 etcum
630 1094 765 1177 coniuge
783 1093 890 1178 lignea
907 1094 1057 1178 parentis.

489 1209 549 1252 nec
566 1187 696 1250 mirum:
720 1187 892 1262 benenom
911 1188 1022 1255 valetis
1040 1209 1164 1268 omnes,

488 1281 597 1366 pulcre
620 1280 824 1363 concoquitis,
842 1280 919 1343 nihil
938 1280 1063 1360 timetis,

487 1396 552 1438 non
569 1373 726 1451 incendia,
744 1394 807 1438 nou
826 1396 940 1458 graves
958 1375 1076 1453 ruinas,

487 1489 552 1532 non
569 1467 655 1532 furta
671 1467 768 1553 inpia,
787 1488 851 1531 non
869 1467 957 1532 dolos
976 1470 1100 1548 veneni,
1175 1519 1178 1524 .

487 1583 551 1626 non
569 1582 661 1626 casus
679 1561 757 1625 alios
775 1562 997 1647 periculorum.
1104 1625 1107 1630 .

489 1655 577 1738 atqui
595 1677 728 1739 corpora
745 1655 877 1720 sicciora
894 1677 992 1720 cornu

488 1759 544 1812 aut
562 1748 666 1831 siquid
684 1749 786 1833 magis
804 1748 928 1814 aridum
947 1758 995 1813 est
1012 1748 1138 1814 habetis

488 1843 555 1908 sole
573 1854 604 1908 et
621 1842 739 1928 frigore
758 1853 789 1908 et
807 1842 1002 1908 essuritione.

488 1958 586 2021 quare
604 1958 667 2000 non
686 1936 744 1999 tibi
761 1937 802 2000 sit
819 1937 900 2002 bene
917 1958 955 2001 ao
972 1936 1085 2001 beate?

488 2053 509 2094 a
525 2040 557 2095 te
574 2030 671 2094 sudor
688 2030 786 2106 obest,
806 2029 897 2094 abest
914 2030 1023 2103 soiius,

487 2143 664 2206 mucusque
682 2133 714 2188 et
731 2123 816 2187 mala
832 2123 947 2208 pituita
962 2122 1042 2186 nasi.

490 2217 573 2280 hanc
591 2217 632 2280 ad
649 2215 835 2282 munditiem
854 2216 935 2281 adde
954 2215 1165 2296 mundiorem,

488 2310 574 2393 quod
592 2311 681 2375 culus
699 2309 758 2374 tibi
775 2310 883 2396 purior
901 2309 1040 2387 salillost‚

487 2425 548 2468 nec
566 2414 631 2468 toto
650 2403 754 2470 decies
772 2425 864 2470 cacas
881 2403 915 2468 in
933 2425 1026 2479 anno,

487 2508 583 2581 atque
599 2497 632 2560 id
650 2497 759 2562 durius
778 2508 826 2563 est
843 2498 918 2562 faba
936 2508 968 2563 et
984 2496 1111 2584 lapillis,

486 2590 573 2674 quod
591 2600 626 2655 tu
644 2590 834 2657 simonibus
852 2601 936 2656 teras
954 2591 1120 2676 fricesque

486 2705 551 2749 non
569 2706 720 2767 umquam
738 2684 873 2770 digitum
890 2685 1056 2769 inquinare
1074 2684 1188 2770 possis.

486 2776 566 2843 haec
583 2788 619 2842 tu
636 2779 884 2844 commodatam
903 2780 1005 2854 beata,
1022 2779 1110 2853 Furi,
1186 2825 1189 2832 «

486 2872 552 2936 noli
570 2892 718 2957 spernere
735 2894 794 2938 neo
812 2883 923 2957 putare
941 2872 1042 2958 parvi,
1061 2918 1063 2922 -

488 2975 519 3031 et
537 2967 679 3030 sestertia
697 2987 779 3049 quoe
798 2966 879 3030 soles
896 2965 1020 3051 precari

487 3069 613 3126 centum
632 3059 755 3125 desine:
774 3081 849 3123 nam
866 3071 916 3123 sat
933 3082 967 3125 es
986 3060 1107 3126 beatus.

778 3407 912 3474 XXIV.

467 3525 499 3591 Ο
518 3526 572 3611 qui
589 3527 740 3593 flosculus
758 3551 792 3593 es
809 3527 1037 3604 Iuventiorum,

466 3643 530 3686 non
548 3620 661 3685 horum
678 3622 783 3699 modo,
802 3622 858 3688 sed
875 3632 953 3705 quot
970 3632 1027 3685 aut
1044 3620 1176 3686 fuerunt

465 3725 522 3780 out
538 3713 671 3800 posthac
688 3715 757 3779 aliis
777 3725 868 3780 erunt
885 3716 918 3780 in
937 3714 1038 3791 annis,

466 3809 594 3874 mallem
613 3807 738 3873 divitias
756 3809 867 3874 Midae
886 3809 1026 3872 dedisses

468 3902 520 3968 isti
538 3902 613 3986 quoi
630 3922 734 3986 neque
751 3924 861 3968 servus
879 3913 928 3967 est
943 3923 1048 3986 neque
1066 3922 1148 3976 arca,

466 4017 562 4080 quam
574 3995 626 4062 sio
644 4005 675 4070 te
693 3995 811 4073 sineres
829 3996 942 4062 abillo
960 3996 1085 4081 amari„

465 4090 553 4174 ‘quii
575 4112 638 4153 non
657 4099 704 4155 est
721 4088 816 4158 homo
835 4089 970 4155 bellus?’
989 4089 1123 4174 inquies.
1159 4098 1224 4153 est:
