2968 4990
586 367 703 424 LIBER

300 487 355 554 dic
372 488 464 554 nobis
482 489 539 554 ubi
557 490 599 555 sis
618 491 754 569 futurus,
773 492 831 560 ede

301 582 465 660 audacter,
484 583 652 662 committe,
673 587 765 651 crede
781 588 854 653 luci.

302 700 382 740 num
400 687 431 742 te
448 678 600 744 lacteolae
618 688 726 744 tenent
743 681 890 765 puellae?

302 770 332 834 si
347 771 491 855 linguam
510 771 617 836 clauso
635 781 723 837 tenes
741 774 773 836 in
792 796 855 851 ore,

302 862 426 928 fructus
444 864 578 949 proicies
595 866 710 930 amoris
728 889 852 933 omnes:

303 957 439 1021 verbosa
456 956 575 1042 gaudet
592 959 702 1024 Venus
720 961 867 1044 loquella.

302 1051 363 1127 vel,
377 1051 408 1114 si
426 1050 484 1126 vis,
501 1051 576 1116 licet
592 1052 720 1117 obseres
739 1055 892 1139 palatum,

303 1143 381 1208 dum
398 1145 497 1208 nostri
516 1144 561 1209 sis
576 1145 734 1232 particeps
752 1149 877 1214 amoris.

559 1335 728 1347 ——n-———

487 1475 493 1488 '
595 1491 686 1560 nvn

302 1607 335 1676 Ο
353 1633 421 1676 rem
439 1611 615 1689 ridiculam,
634 1611 727 1691 Cato,
746 1625 778 1680 et
793 1614 932 1679 iocosam

303 1704 496 1790 dignamque
514 1706 644 1770 auribus
662 1718 694 1771 et
711 1719 766 1771 tuo
784 1708 948 1772 caehinno.

302 1798 380 1874 ride,
399 1798 553 1884 quidquid
571 1823 677 1875 amas„
689 1798 781 1878 Catu,
801 1801 978 1867 Catullum:

302 1914 353 1956 res
371 1901 419 1956 est
435 1892 568 1957 ridicula
586 1903 618 1958 et
634 1894 728 1958 nimis
745 1895 860 1960 iocosa.
896 1909 897 1912 ’

295 1983 453 2070 ‘deprendi
471 1987 566 2049 modo
583 1989 737 2070 pupulum
756 1989 881 2072 puellae

301 2087 490 2143 trusantem:
508 2079 593 2143 hunc
607 2101 677 2163 ego,
696 2081 722 2144 si
736 2082 840 2165 placet
856 2081 992 2156 Dionae,

274 2248 283 2276 ι
302 2173 424 2257 protelo
442 2171 545 2258 rigida
563 2195 634 2238 mea
652 2173 761 2239 cecidi.

556 2363 726 2373 ——a—-u-u—

585 2521 694 2588 LVII.

301 2640 417 2706 Pulore
435 2639 583 2705 convenit
599 2640 742 2727 inprobis
759 2641 908 2718 cinaedis,

302 2734 487 2800 Mamurrae
505 2733 695 2820 pathicoque
713 2729 917 2818 Caesarique.

301 2848 362 2892 nec
379 2827 509 2916 mirum:
531 2828 676 2892 maculae
693 2851 786 2913 pares
803 2829 954 2914 utrisque,

301 2921 424 2985 urbana
441 2921 541 2986 altera
558 2933 590 2986 et
607 2921 661 2986 illa
678 2921 859 2998 Formiana,

299 3014 463 3100 inpressae
480 3014 619 3080 resident
635 3036 695 3081 nec
712 3016 872 3080 eluentur:
934 3008 937 3012 ’

301 3108 441 3174 morbosi
459 3107 576 3194 pariter
594 3107 720 3194 gemelli
738 3109 874 3193 utrique,
901 3193 902 3198 ἵ

300 3223 365 3268 uno
383 3201 417 3268 in
433 3201 578 3267 lecticulo
595 3202 744 3268 erudituli
762 3204 866 3280 ambo,

300 3317 365 3361 non
382 3296 434 3360 hio
451 3317 547 3378 quarn
564 3294 617 3362 ille
630 3295 733 3381 magis
746 3319 845 3362 vorax
858 3295 992 3374 adulter,

300 3390 414 3464 rivales
432 3391 509 3456 socii
526 3390 746 3477 puellularum.

299 3484 409 3570 pulcre
427 3484 575 3548 convenit
590 3483 730 3569 inprobis
750 3482 899 3548 cinaedis.

497 3667 502 3672 ¹
557 3671 727 3686 ..αις-..ι-

576 3791 702 3898 evm.

301 3949 404 4028 Caeli,
421 3951 542 4016 Lesbia
557 3961 675 4028 nostra,
694 3950 814 4017 Lesbia
830 3950 894 4027 illa,

302 4045 357 4109 illa
373 4044 494 4109 Lesbia
511 4065 607 4128 qnam
626 4043 773 4110 Catullus
790 4065 888 4108 unam

299 4139 372 4226 plus
391 4160 487 4225 quam
506 4161 539 4204 se
549 4150 649 4223 ‘atque
664 4160 737 4204 suos
751 4138 871 4204 amavit
883 4161 1002 4216 omnes,
