3002 4996
379 385 421 452 38
806 395 973 454 OATULLI

420 522 577 606 Hespere,
596 518 652 602 qui
670 519 758 585 caelo
775 519 861 585 lucet
877 519 1045 585 iucundior
1061 519 1164 605 ignis?
1193 574 1195 578 .

420 613 476 698 qui
493 614 650 698 desponsa
667 624 722 677 tua
738 613 844 678 firmes
861 613 998 678 conubia
1016 612 1153 688 flamma,

419 727 501 791 quae
518 704 668 791 pepigere
686 705 755 782 viri,
773 704 962 792 pepigerunt
979 715 1052 770 ante
1070 715 1227 791 parentes,

419 820 479 865 neo
496 797 627 863 iunxere
644 797 731 883 prius
749 819 845 882 quam
863 820 897 864 se
915 809 990 863 tuus
1007 797 1120 862 extulit
1137 799 1240 864 ardor.

421 892 499 975 quid
517 892 611 956 datur
628 915 647 956 a
664 891 746 956 divis
762 891 847 956 felici
865 892 1002 977 optatius
1020 892 1115 956 hora?

421 985 551 1070 Hymen
568 1007 588 1049 o
606 985 804 1069 Hymenaee,
822 985 953 1069 Hymen
970 984 1046 1050 ades
1064 1004 1083 1047 o
1100 985 1299 1068 Hymenaee.

421 1172 586 1298 Hesperps
605 1171 742 1246 euobis,
761 1171 919 1297 aequales,
939 1170 1068 1242 abstulit
1085 1191 1192 1298 unam.

548 1357 566 1391 1
842 1357 860 1391 ff
1136 1357 1154 1391 1

420 1472 557 1535 namque
576 1461 630 1515 tuo
648 1450 785 1515 adventu
805 1451 914 1536 vigilat
933 1451 1076 1516 custodia
1093 1473 1226 1535 semper.

421 1555 512 1610 nocte
530 1546 629 1608 latent
646 1544 741 1622 fures,
760 1565 839 1628 quos
857 1535 948 1608 idem¹
960 1567 1054 1631 saepe
1072 1556 1245 1619 revertens,

420 1639 576 1724 Hespere,
595 1647 715 1702 mutato
733 1639 922 1723 conprendis
939 1639 1066 1704 nomine
1084 1637 1182 1702 Eous.

422 1741 455 1796 at
471 1732 559 1796 lubet
576 1731 716 1817 innuptis
733 1731 807 1796 ficto
825 1743 856 1797 te
874 1753 1003 1817 carpere
1021 1741 1145 1814 questu.

423 1826 500 1908 quid
518 1836 595 1901 tum,
614 1826 641 1889 si
659 1838 802 1910 carpunt,
821 1826 917 1890 tacita
934 1848 1029 1909 quem
1048 1835 1153 1890 mente
1170 1823 1354 1908 requirunt?

422 1921 552 2004 Hymen
570 1942 589 1983 o
608 1921 806 2004 Hymenaee,
825 1921 956 2010 Hymen
973 1921 1048 1985 ades
1067 1942 1086 1983 o
1104 1921 1302 2003 Hymenaee.

422 2117 458 2171 ut
475 2108 532 2172 flos
549 2107 582 2171 in
600 2107 717 2192 saeptis
735 2118 874 2172 secretus
892 2108 1032 2172 nascitur
1049 2105 1157 2183 hortis,

421 2201 550 2288 ignotus
568 2200 685 2286 pecori,
702 2201 790 2265 nullo
808 2200 977 2266 convulsus
995 2211 1108 2276 aratro,
1203 2216 1207 2223 ·

421 2410 516 2473 quem
533 2388 673 2452 mulcent
690 2410 797 2464 aurae,
813 2387 918 2454 firmat
934 2388 991 2465 sol,
1010 2387 1124 2454 educat
1141 2386 1252 2463 imber,

421 2482 514 2546 multi
530 2481 620 2545 illum
637 2483 737 2566 pueri,
756 2483 874 2546 multae
892 2492 1040 2567 optavere
1057 2481 1181 2566 puellae
1187 2505 1195 2557 3

422 2575 507 2640 idem
525 2597 597 2639 curn
614 2575 702 2640 tenui
719 2585 845 2660 carptus
864 2574 1009 2640 defloruit
1025 2575 1135 2660 ungui,

422 2668 501 2733 nulli
517 2668 608 2732 illum
625 2669 726 2753 pueri,
745 2669 850 2734 nullae
868 2682 1018 2754 optavere
1035 2668 1174 2753 puellae:

424 2763 469 2826 sic
487 2763 593 2846 virgo,
605 2762 682 2826 (lum
698 2762 817 2827 intacta
833 2773 949 2839 manet,
968 2763 1043 2827 dum
1062 2783 1136 2826 earn
1153 2760 1218 2824 suis
1237 2770 1299 2836 est3

423 2877 497 2921 cum
514 2867 635 2919 castum
653 2855 757 2920 amisit
773 2856 894 2941 polluto
912 2877 1044 2941 corpore
1061 2855 1180 2928 florem,

422 2971 481 3014 nec
499 2950 604 3034 pueris
621 2950 760 3015 iucunda
777 2959 884 3017 manet
900 2973 959 3015 nec
977 2971 1050 3014 cara
1068 2948 1191 3034 puellis.

422 3044 552 3128 Hymen
570 3065 589 3106 o
607 3043 804 3127 Hymenaee,
822 3044 952 3128 Hymen
970 3042 1046 3106 ades
1063 3059 1083 3105 o
1100 3043 1299 3128 Hymenaee.

422 3238 459 3292 ut
475 3227 573 3291 vidua
589 3226 622 3292 in
639 3227 726 3291 nudo
744 3227 815 3291 vitis
833 3248 915 3309 quae
932 3226 1072 3291 nascitur
1089 3242 1175 3301 arvo,

423 3341 595 3403 numquam
614 3342 648 3385 se
666 3320 798 3396 extollit,
815 3341 988 3402 numquam
1006 3319 1114 3383 mitem
1129 3319 1363 3396 educaturum,
1476 3395 1477 3398 Ἴ

423 3414 480 3478 sed
496 3424 639 3479 tenerum
656 3435 755 3498 prono
774 3413 944 3478 deflectens
963 3411 1102 3498 pondere
1121 3433 1236 3494 eorpus

421 3507 567 3574 iamiam
585 3506 739 3592 contingit
756 3527 915 3571 summum
932 3506 1037 3570 radice
1055 3505 1226 3590 flagellum,

422 3599 504 3665 hanc
521 3598 601 3664 nulli
619 3599 785 3684 agricolae,
802 3599 881 3664 nulli
899 3599 1024 3664 coluere
1041 3597 1179 3673 iuvenci3

423 3704 456 3759 at
473 3693 499 3758 si
517 3692 598 3756 forte
616 3692 726 3756 eadent
743 3702 793 3756 est
808 3693 894 3756 ulmo
913 3691 1081 3757 coniuncta
1098 3689 1223 3768 marito,

422 3785 513 3851 multi
529 3784 617 3850 illam
634 3783 801 3869 agricolae,
819 3785 911 3849 multi
928 3784 1053 3848 coluere
1070 3782 1211 3847 iuvenci:

423 3880 468 3945 sic
485 3879 586 3964 virgo,
605 3878 681 3943 dum
698 3877 817 3942 intacta
833 3889 950 3955 manet,
969 3877 1044 3942 dum
1061 3876 1182 3941 inculta
1199 3877 1334 3942 senescit
1339 3903 1350 3954 3

423 3996 495 4039 cum
512 3995 571 4058 par
588 3972 758 4039 conubium
775 3982 899 4037 maturo
916 3983 1057 4056 tempore
1076 3972 1230 4054 adeptast,

423 4088 497 4132 cara
513 4064 581 4130 viro
600 4065 701 4151 magis
718 4075 751 4129 et
767 4065 871 4129 minus
889 4076 936 4128 est
952 4064 1055 4128 invisa
1072 4063 1205 4149 parenti.
1474 4039 1476 4104 l

422 4161 553 4245 Hymen
571 4182 590 4224 o
609 4160 806 4244 Hymenaee,
826 4159 954 4242 Hymen
973 4157 1048 4223 ades
1066 4179 1085 4222 o
1104 4159 1303 4241 Hymenaee.
