2954 4990
509 377 736 422 saonnuoafflun
1115 377 1169 418 m

76 497 202 558 Metello
217 499 437 558 matrimonium
453 499 583 576 aprime
600 517 662 557 non
678 504 782 556 mutua
793 497 954 571 voltmtate,
972 505 1074 576 utpote
1091 497 1169 556 inter

77 585 169 642 nimis
191 583 331 662 dispares,
353 586 487 642 iunctum
509 582 599 642 fuisse
621 583 830 642 existimemus.
866 585 975 644 etenim
996 603 1064 642 cum
1085 582 1169 642 illam

78 668 181 727 omnia
206 669 335 728 clament
360 667 527 728 abundasse
551 669 686 745 ingenio,
712 667 761 727 hic
786 688 847 728 non
871 675 968 747 potest
993 688 1054 727 non
1079 667 1168 727 bomo

77 755 207 828 ieiunus,
223 752 333 826 tardus,
352 753 442 813 hebes
459 751 558 811 fuisse.
586 772 646 831 qua
663 751 701 813 de
717 760 825 812 natura
842 754 906 812 eius
918 752 1050 831 locuples
1064 751 1168 812 Cicero

76 839 163 897 testis
190 845 245 910 est,
273 840 325 918 qni
347 840 430 916 epist.
452 837 492 897 ad
508 836 570 896 Att.
588 837 606 896 Ι
625 837 664 895 18
688 839 716 910 1,
743 838 814 898 dum
836 837 894 899 sibi
915 840 1046 898 maxime
1068 837 1169 898 deesse

78 924 213 1002 queritur
229 922 380 984 hominem
401 941 469 982 eum
486 941 613 1002 quocum
634 925 734 982 omnia
751 942 828 1003 quae
850 942 882 984 se
904 943 974 982 cura
995 923 1097 1001 aliqua
1119 921 1169 982 ad-

76 1007 184 1066 ficient
204 1011 411 1081 communicet,
434 1009 487 1087 qui
508 1025 540 1066 se
561 1015 652 1080 amet,
680 1009 731 1086 qui
752 1009 881 1087 sapiat,
903 1011 1023 1088 quicum
1044 1008 1109 1087 ipse
1131 1025 1170 1066 ex

77 1095 180 1152 animo
192 1093 339 1173 loquatur,
358 1091 529 1162 ‘Metellus’
546 1093 652 1171 inquit,
671 1091 744 1152 ‘non
757 1092 854 1166 homo,
872 1093 926 1152 sed
944 1093 1045 1152 ‘litus
1062 1101 1169 1172 atque

78 1183 143 1236 ae'r
159 1185 194 1238 et
210 1177 368 1237 solitudo
385 1176 519 1249 merc,'’
537 1195 615 1255 quae
628 1175 721 1236 verba
734 1185 834 1238 nostro
852 1177 970 1237 saeculo
987 1180 1170 1257 ineptissime

77 1283 100 1322 a
116 1262 294 1341 quibusdam
310 1270 452 1342 temptata
470 1257 662 1341 (quamquam
679 1264 760 1320 viam
777 1261 816 1321 ad
836 1261 1039 1339 intellegenda
1056 1281 1092 1321 ea
1109 1265 1169 1321 iam

76 1346 204 1406 Paullus
225 1349 386 1421 Manutius,
412 1347 485 1406 Ans.
507 1347 630 1426 Popme‚
658 1345 711 1404 alii
735 1343 983 1423 monstraverant)
1009 1349 1170 1406 rectissime

77 1452 176 1510 nuper
202 1432 368 1493 vindicavit
392 1431 544 1493 Vahlenus
569 1433 602 1490 in
627 1433 776 1510 prooemio
802 1431 864 1492 ind.
892 1431 958 1491 leot.
985 1430 1081 1490 Berol.
1107 1432 1168 1491 hib.

77 1537 106 1576 a.
129 1517 348 1591 1879-1880,
365 1537 394 1596 p.
414 1518 452 1574 11
464 1536 486 1576 s.
504 1535 601 1595 neque
618 1515 675 1575 hoo
689 1515 839 1576 Ciceronis
857 1515 1001 1576 iudicium
1019 1536 1080 1576 non
1097 1537 1168 1595 quo-

79 1601 151 1660 dam
177 1601 264 1661 modo
295 1601 471 1662 confirmant
499 1603 582 1680 ipsae
608 1600 722 1663 Metelli
752 1601 870 1663 litterae
894 1601 966 1661 illae
991 1604 1170 1678 arrogantis-

78 1688 173 1746 simae
190 1694 220 1746 et
235 1689 344 1765 partim
364 1684 507 1746 ridiculae
524 1705 600 1765 qnae
622 1693 727 1746 extant
746 1681 817 1747 libri
832 1686 863 1748 V
880 1686 996 1765 epistol
1013 1685 1055 1745 ad
1074 1684 1168 1746 famil.

77 1773 176 1832 initio.

146 1855 361 1936 conposuimus
382 1856 479 1916 adhuc
496 1875 573 1935 quae
595 1855 797 1916 demonstrent
816 1857 978 1933 imaginem
1000 1858 1169 1918 universam

79 1939 205 2002 Clodiae
217 1940 445 2022 quadrantariae
457 1949 487 2000 et
498 1941 626 2000 Lesbiae
641 1939 829 2000 Catulliauae
847 1941 973 2000 eandem
986 1959 1058 2001 esse.
1086 1941 1167 2021 quid,

78 2027 107 2087 si
124 2027 214 2086 etiam
231 2026 366 2104 singulae
383 2045 430 2088 res
444 2026 484 2085 ad
500 2027 655 2106 utriusque
668 2027 763 2084 vitam
774 2027 956 2104 pertinentes
969 2027 1170 2087 conveniunt?

76 2111 123 2172 M.
147 2110 282 2171 Caelium
302 2110 416 2172 Rufum
437 2118 593 2184 oratorem,
620 2110 770 2170 bominem
795 2109 923 2171 candore
949 2112 1077 2188 corporis
1098 2112 1169 2172 insi·

78 2215 171 2275 gnem
189 2193 279 2270 (conf.
299 2195 360 2256 Cic
378 2217 407 2276 p.
426 2194 506 2257 Cael.
526 2195 543 2270 ᾗ
561 2197 581 2254 6
598 2203 630 2255 et
647 2192 701 2273 36)
720 2203 758 2269 et,
780 2202 815 2254 ut
831 2197 921 2255 etiam
938 2214 1018 2254 nunc
1035 2203 1169 2256 servatae

77 2281 168 2342 nobis
186 2280 329 2360 epistulae
347 2282 410 2341 eius
431 2289 584 2353 testentur,
608 2282 797 2357 ingeniosum
818 2279 1003 2359 aliquamdiu
1024 2299 1090 2339 curn
1111 2283 1170 2340 ista

79 2366 189 2428 Clodia
206 2366 392 2427 moechatum
409 2384 473 2426 esse
491 2365 641 2426 Ciceronis
663 2367 756 2425 oratio
777 2385 831 2444 pro
849 2384 884 2425 eo
906 2364 1008 2425 habita
1030 2365 1168 2426 ostendit.

79 2455 133 2532 qui
151 2472 209 2532 quo
227 2451 350 2512 solutius
369 2471 436 2512 oum
452 2452 509 2510 hac
526 2451 649 2512 muliere
670 2449 812 2528 congredi
832 2458 940 2528 posset,
964 2450 1083 2510 domum
1101 2471 1168 2512 con·

79 2537 207 2598 duxerat
227 2539 261 2597 in
285 2536 383 2598 insula
403 2536 438 2598 P.
462 2535 560 2598 Clodii
584 2538 617 2595 in
638 2535 754 2595 Palatio
776 2533 816 2614 (p.
840 2534 921 2596 Cael.
947 2534 965 2610 ἓ
988 2537 1027 2593 17
1042 2556 1064 2595 s.
1091 2536 1168 2596 conf.

78 2623 273 2683 Drumannus
289 2623 332 2696 11,
351 2644 379 2702 p.
397 2619 482 2697 377),
499 2624 533 2681 in
550 2641 609 2701 qua
625 2628 833 2700 postmortem
849 2628 928 2681 certe
946 2622 1044 2680 mariti
1062 2619 1169 2680 Clodia

79 2726 198 2787 quoquc
214 2707 370 2768 habitabat
391 2703 481 2784 (conf.
502 2726 532 2786 p.
552 2705 632 2766 Cael
651 2705 668 2781 5
688 2707 737 2764 18.
755 2707 795 2764 36
810 2726 832 2766 s.
850 2707 901 2764 47.
921 2703 987 2781 75),
1011 2707 1070 2766 nisi
1091 2707 1168 2766 forte

79 2791 195 2854 Metelli
216 2791 305 2854 aedes
329 2801 358 2853 ot
378 2794 461 2871 ipsae
482 2794 515 2852 in
532 2791 649 2852 Palatio
671 2793 745 2852 sitae
765 2798 797 2852 et
816 2792 851 2850 P.
870 2790 969 2852 Clodii
990 2793 1169 2871 possessioni

78 2879 198 2939 vicinae
214 2886 300 2938 erant
316 2876 405 2954 (coni.
427 2876 499 2937 ibid.
518 2876 536 2951 ᾗ
555 2877 595 2936 59
609 2873 654 2952 a).
689 2878 750 2936 iam
771 2878 849 2936 inter
870 2875 1002 2938 aemulos
1019 2896 1093 2955 quos
1112 2874 1167 2936 Ca·

79 2962 171 3023 tullus
196 2964 229 3021 in
254 2981 355 3022 amore
375 2961 503 3022 Lesbiae
527 2961 633 3022 habuit
657 2962 748 3021 etiam
768 2960 880 3020 Rufum
902 2959 1052 3039 quendam
1077 2959 1169 3020 fuisse

78 3046 218 3118 vidimus,
237 3064 326 3125 quem
344 3048 444 3105 omnia
460 3065 515 3104 sna
531 3046 587 3106 sibi
604 3047 699 3106 amico
716 3046 796 3104 bona
813 3047 955 3122 eripuisse
972 3064 996 3102 c.
1013 3043 1169 3104 LXXVII

79 3130 187 3194 acerbe
208 3142 297 3210 poeta
313 3133 453 3210 queritur.
488 3150 546 3210 quo
566 3133 599 3191 in
620 3129 736 3190 aemulo
754 3131 827 3208 quin
843 3129 884 3188 M.
904 3127 1038 3188 Caelium
1056 3130 1169 3190 Rufum

78 3216 298 3292 adgnoscamus
324 3214 400 3274 nihil
426 3216 545 3274 omnino
570 3214 693 3294 inpedit.
729 3233 799 3273 nam
821 3213 901 3293 quod
925 3213 1011 3273 illum
1033 3213 1169 3274 Catullus

81 3323 105 3362 c.
123 3301 232 3362 LXIX
248 3308 367 3380 propter
384 3301 498 3360 alarum
515 3299 629 3358 hircum
646 3320 665 3358 a
681 3298 810 3378 pulchris
827 3298 935 3378 puellis
952 3299 1017 3376 fugi
1035 3299 1114 3374 dicit,
1136 3299 1169 3360 id

80 3407 168 3448 nemo
194 3406 266 3446 seno
291 3385 401 3445 iudicio
426 3383 578 3464 praeditus
604 3386 762 3465 quicquam
787 3387 821 3444 in
847 3388 1025 3444 contrariam
1053 3394 1169 3464 partem

80 3471 182 3532 valere
198 3471 256 3532 sibi
272 3470 470 3550 persuadebit
506 3469 611 3550 quodsi
628 3490 653 3532 c.
671 3469 822 3542 LXXIII,
840 3471 947 3549 inquo
965 3479 1054 3549 poeta
1071 3470 1109 3532 de
1124 3473 1168 3529 in-

81 3565 166 3634 grato
188 3576 224 3616 ac
248 3555 362 3635 perfido
388 3558 487 3616 animo
512 3555 640 3615 hominis
662 3555 794 3635 queritur
815 3557 867 3634 qui
891 3574 924 3615 se
949 3554 1037 3614 modo
1063 3555 1169 3614 ‘unum

81 3650 172 3721 atque
201 3642 324 3702 unicum
353 3640 495 3701 amioum’
520 3640 671 3715 habuerit,
700 3640 730 3699 h.
758 3659 782 3700 a
812 3659 956 3717 magnum
985 3639 1108 3720 aliquod
1136 3643 1169 3698 in

81 3728 227 3804 angustiis
251 3726 430 3787 beneficium
455 3725 522 3785 aliis
547 3725 764 3803 denegantibus
790 3745 809 3784 a
834 3733 926 3786 semet
955 3727 1102 3804 acceperit
1126 3755 1170 3765 -

81 3831 152 3872 nam
174 3813 217 3870 ita
237 3831 355 3872 versum
378 3813 396 3870 6
419 3809 654 3888 intellegendum
674 3829 738 3871 esse
760 3809 897 3870 dubitare
918 3831 979 3870 non
1000 3817 1097 3888 potest
1118 3810 1170 3887 qni

81 3895 122 3958 ad
139 3915 269 3977 eaquae
286 3896 465 3966 antecedunt
482 3897 689 3973 cogitationem
708 3895 896 3954 intendit-
913 3898 947 3968 si,
965 3897 1096 3973 inquam,
1114 3893 1171 3954 hoc

82 4001 201 4062 quoque
218 3999 337 4041 carmen
353 4001 443 4061 supra
459 3989 538 4042 recte
555 3981 594 4041 ad
611 3980 732 4053 Rufum,
751 3999 840 4060 quem
852 3980 893 4039 M.
910 3978 1044 4039 (laelium
1058 3978 1171 4038 Rufum

82 4085 148 4127 esse
161 4067 345 4140 arbitramur,
363 4066 538 4138 rettulimus,
556 4085 624 4126 eum
637 4065 718 4126 haud
731 4067 832 4144 inepte
845 4067 992 4142 suspicere
1003 4064 1089 4123 brevi
1102 4073 1172 4123 ante

81 4171 173 4236 quam
194 4172 263 4212 cum
284 4150 391 4214 Clodia
411 4171 474 4213 rem
495 4152 603 4212 habers
625 4153 769 4231 inciperet
792 4157 928 4229 prompta
950 4148 1063 4210 Catulli
1083 4168 1174 4230 opera

964 4245 1003 4288 B·
