2954 4990
285 364 386 406 XLVIII
721 359 949 403 Pnonseorrsna

286 481 427 542 heredem
453 480 523 540 dare
551 487 678 559 cuperet,
705 496 802 558 neque
828 477 882 536 alii
908 477 1057 557 quondam
1077 479 1199 540 Brixiae
1224 481 1391 544 defuerant

284 570 429 648 quicum
449 566 572 626 muliere
594 583 657 625 rem
682 563 838 624 haberent:
864 567 1039 624 nominatim
1065 565 1238 626 adferuntur
1263 569 1389 629 moechi

287 657 352 714 eius
373 653 541 711 Postumius
564 649 685 729 quidam
711 657 741 709 et
765 647 928 722 Cornelius,
955 653 1059 708 tertius
1080 653 1124 710 ita
1149 650 1328 712 describitur
1349 662 1387 713 ut

287 735 519 816 Transpadanos
546 733 658 794 Catulli
683 733 821 813 aequales
847 737 913 812 quis
942 734 1167 811 intellegeretur
1195 735 1288 798 latere
1320 759 1388 798 non

286 825 423 902 potnerit
459 821 532 880 haec
550 823 649 878 omnia
671 827 759 898 poeta
775 821 896 878 ianuam
913 838 951 878 ex
974 839 1024 879 ore
1044 823 1139 898 ipsius
1157 820 1296 882 dominae
1313 823 1387 884 sub-

283 912 377 967 missa
393 924 467 966 voce
484 925 552 964 cum
569 903 686 963 ancillis
704 903 741 965 de
758 904 881 982 flagitiis
903 907 963 964 suis
986 904 1204 965 confabulantis
1227 907 1387 970 audivisse

287 993 384 1069 fingit.
409 994 470 1049 iam
487 992 540 1069 qui
559 989 709 1049 Catullum
725 989 802 1049 bene
818 992 903 1049 norit
920 993 973 1048 vix
991 989 1139 1049 dubitabit
1156 994 1229 1070 quin
1245 995 1282 1066 is,
1300 1002 1387 1072 post-

282 1097 377 1158 quam
393 1079 457 1154 ipse
474 1078 562 1134 istam
578 1074 731 1134 mulierem
748 1078 904 1152 temptavit
925 1074 964 1133 ab
987 1093 1080 1155 eaque
1098 1083 1211 1154 spretus
1233 1084 1286 1149 est,
1311 1098 1385 1138 oon-

285 1160 424 1242 ponendo
441 1164 521 1240 turpi
542 1160 599 1219 hoc
621 1160 766 1239 colloquio
789 1158 981 1237 cupiditatem
1002 1159 1124 1220 ultionis
1145 1160 1320 1240 expleverit
1339 1195 1384 1206 -

282 1268 354 1307 cum
371 1246 519 1306 amoribus
536 1252 642 1325 poetae
659 1249 748 1304 etiam
762 1265 786 1304 c.
801 1244 878 1304 0111
895 1243 1038 1318 cohaeret,
1057 1249 1239 1324 epigramma
1255 1249 1289 1306 in
1303 1247 1386 1308 Silo-

285 1352 355 1393 nem
371 1332 510 1391 lenonem
527 1335 675 1409 scriptum,
695 1328 774 1410 quod
791 1328 883 1389 verbo
900 1332 1033 1406 tetigisse
1051 1334 1121 1388 satis
1140 1339 1192 1391 est.

347 1417 494 1477 Homines
511 1436 530 1474 a
544 1414 661 1475 Catullo
678 1414 812 1476 versibus
829 1417 936 1473 inrisos
950 1422 1001 1474 aut
1014 1418 1174 1494 prosoissos
1187 1424 1305 1477 tantum
1318 1440 1385 1480 non

281 1522 387 1563 omnes
403 1504 633 1582 percensuimus,
651 1503 902 1580 paucissimosque
920 1502 972 1578 qui
988 1507 1100 1559 restant
1117 1504 1215 1581 aptius
1231 1523 1294 1562 una
1313 1524 1385 1566 cum

286 1590 388 1647 amicis
405 1595 519 1666 poetae,
537 1584 576 1644 ad
594 1604 667 1665 quoe
687 1587 749 1644 iam
770 1584 976 1664 progredimur
998 1584 1185 1664 disputando,
1205 1607 1384 1650 commemo·

283 1673 423 1732 rahimus.
449 1673 483 1729 in
500 1669 662 1749 eademque
678 1677 762 1749 parte
779 1673 868 1728 etiam
886 1669 923 1728 de
941 1669 1054 1729 duabus
1070 1669 1177 1749 puellis
1192 1671 1289 1733 adhuc
1305 1695 1384 1735 non·

286 1757 358 1816 dum
369 1755 501 1835 prolatis,
516 1775 582 1814 cum
596 1755 702 1835 quibus
713 1754 830 1814 Catullo
843 1755 1027 1834 aliquamdiu
1039 1775 1110 1815 usus
1122 1755 1188 1829 fuit,
1203 1756 1383 1822 breVIssime

284 1845 467 1903 mentionem
483 1839 635 1901 faciemus.
670 1848 798 1900 ceterum
816 1840 896 1898 haud
913 1860 1009 1918 pauca
1025 1859 1126 1900 eorum
1143 1859 1219 1921 quae
1235 1842 1295 1902 huc
1314 1864 1384 1924 per·

283 1930 382 1988 tinent
399 1947 496 2006 supra,
515 1926 568 1985 ubi
584 1945 631 1985 res
649 1925 770 1998 ferebat,
792 1929 1004 2005 praecepimus.

348 2011 644 2072 Primum-Flavium
670 2009 819 2090 quendam
844 2012 1032 2087 attingimus,
1058 2030 1147 2089 quem
1172 2031 1286 2071 amores
1309 2035 1382 2074 suos

283 2098 430 2158 celantem
446 2104 534 2177 poeta
547 2117 570 2156 c.
583 2097 628 2157 VI
641 2097 735 2156 amice
753 2095 909 2155 cavillatus
927 2104 979 2154 est
1005 2095 1055 2154 hic
1068 2098 1134 2175 quis
1152 2095 1241 2156 fuerit
1258 2099 1383 2174 ignora·

281 2193 340 2243 tur.
375 2201 473 2262 neque
490 2184 586 2258 magis
604 2189 691 2241 notus
710 2180 871 2254 OamerIus,
896 2200 983 2261 quem
1001 2179 1053 2239 diu
1070 2200 1123 2259 per
1140 2181 1243 2240 urbem
1262 2188 1382 2262 quaesi·

281 2276 347 2327 tum
368 2288 424 2328 nec
450 2270 605 2327 inventum
628 2266 764 2327 Catullus
789 2267 887 2326 iocoso
915 2268 1045 2325 carmine
1065 2265 1123 2326 LV
1144 2266 1319 2326 exhortatur
1346 2278 1382 2329 ιιι

281 2354 336 2413 ubi
352 2352 474 2412 tandem
491 2351 582 2412 lateat
599 2352 656 2412 sibi
669 2351 831 2425 denuntiet,
850 2370 957 2430 cupere
970 2353 1050 2409 enim
1064 2369 1127 2410 sese
1141 2371 1270 2412 amorem
1288 2373 1381 2415 sunm

281 2439 316 2496 In
338 2455 473 2496 sermone
496 2439 524 2495 ei
550 2455 705 2515 exponere.
742 2436 818 2496 conf.
841 2435 909 2496 adn.
933 2436 995 2496 crit.
1022 2436 1154 2495 ibicum
1176 2457 1203 2496 v.
1227 2438 1246 2495 6
1269 2439 1381 2516 Magni

280 2520 446 2581 ambulatio
464 2529 712 2595 commemoretur,
731 2523 751 2580 i.
766 2541 790 2581 e.
808 2523 938 2601 porticus
956 2520 1064 2581 theatri
1077 2541 1095 2580 a
1107 2521 1249 2601 Pompeio
1267 2527 1380 2585 iterum

279 2606 404 2666 consule
430 2605 624 2679 exaedificati,
651 2605 775 2685 adparet
800 2606 856 2666 hoc
882 2625 1001 2665 carmen
1027 2614 1096 2666 ante
1122 2625 1234 2666 annum
1257 2605 1377 2688 sessos

279 2699 447 2752 extremum
465 2691 554 2750 scribi
571 2711 633 2749 non
649 2693 787 2770 potuisse,
804 2691 1056 2771 probabiliterque
1072 2693 1241 2770 insequenti
1254 2692 1379 2754 demum

279 2798 362 2838 anno
376 2778 516 2855 scriptum
530 2783 582 2848 est,
601 2776 728 2854 quando,
747 2798 819 2836 num
831 2779 913 2857 prius
926 2778 1055 2856 porticus
1069 2797 1087 2834 a
1099 2777 1242 2856 Pompeio
1255 2777 1377 2840 theatro

278 2863 399 2924 adiecta
423 2860 528 2941 populi
552 2864 620 2920 usui
645 2864 786 2940 patuerit,
818 2862 948 2922 dubitari
973 2861 1052 2921 licet.
1091 2861 1161 2920 hinc
1192 2862 1378 2942 intellegitur

282 2969 412 3010 amorem
438 2950 521 3007 cuius
544 2947 678 3007 Catullus
704 2949 737 3020 in
763 2947 823 3007 line
847 2947 988 3026 poematii
1009 2946 1178 3007 Oamerium
1198 2950 1377 3028 participem

277 3053 347 3094 esse
368 3033 435 3093 vult
458 3032 542 3092 nullo
568 3032 655 3093 modo
680 3051 768 3112 posse
793 3031 833 3091 ad
857 3033 999 3092 Lesbiam
1024 3032 1136 3092 referri.
1172 3051 1227 3092 nec
1253 3037 1376 3096 omnino

280 3119 365 3178 aliud
381 3120 466 3178 istius
483 3118 611 3179 foederis
624 3121 783 3195 vestigium
800 3120 833 3176 in
847 3136 968 3196 corpore
981 3119 1144 3176 carminum
1156 3117 1243 3177 nobis
1256 3127 1375 3181 servato

279 3205 353 3262 insit
374 3221 493 3263 necesse
514 3211 567 3263 est.
602 3211 633 3263 at
653 3204 730 3262 nihil
752 3203 849 3264 obstat
871 3205 943 3282 quin
966 3222 1033 3262 cum
1054 3202 1239 3280 Westphalio
1261 3223 1289 3282 p.
1308 3205 1374 3264 225

276 3286 320 3346 de
346 3305 382 3346 ea
406 3287 580 3348 muliercula
605 3291 766 3366 cogitemus
793 3290 841 3348 cui
865 3295 954 3367 poeta
980 3308 1004 3347 c.
1025 3287 1156 3346 XXXII
1184 3290 1200 3345 1
1227 3287 1378 3350 blandum

281 3390 391 3431 nomen
407 3371 553 3450 Ipsitillae
574 3393 593 3430 a
614 3392 688 3433 voce
708 3378 782 3450 apso,
804 3375 825 3432 i.
843 3392 867 3432 e.
891 3372 1048 3445 ‘domina’,
1072 3373 1229 3432 formatum
1252 3371 1374 3449 indidit,

280 3462 342 3529 aut,
364 3458 389 3516 si
411 3458 514 3530 mavis,
542 3456 579 3516 de
601 3457 756 3517 Postumia
776 3461 834 3517 ista
855 3477 932 3537 quae
953 3459 986 3516 in
1006 3460 1137 3517 carmine
1156 3457 1283 3519 XXVII
1305 3479 1375 3538 pro·

277 3540 366 3602 ‘fusae
383 3538 541 3601 hilaritatis
558 3541 646 3621 pleno
664 3551 697 3602 ut
714 3542 837 3602 bibendi
853 3546 996 3620 magistra
1014 3542 1140 3604 ‘ebrioso
1159 3543 1260 3603 acino'
1278 3543 1375 3605 ebrio-

275 3629 341 3687 sior
357 3625 492 3686 infertur.
511 3629 720 3706 -pergimus
738 3627 779 3686 ad
791 3629 953 3688 Veranium
972 3636 1001 3687 et
1017 3627 1186 3700 Fabullum,
1206 3628 1377 3690 familiaris·

279 3714 369 3773 simos
384 3711 504 3785 Catulli,
523 3711 560 3772 de
578 3714 685 3792 quibus
702 3731 779 3792 quae
797 3715 860 3773 erui
876 3721 1000 3794 possunt
1016 3733 1034 3772 a
1052 3713 1231 3772 carminibus
1244 3713 1293 3772 IX
1305 3714 1378 3776 XII

272 3798 363 3858 XIII
379 3797 524 3857 XXVIII
540 3797 663 3858 XLVII
680 3798 807 3878 petenda
824 3807 900 3858 sunt
930 3801 1022 3877 igitur
1039 3817 1055 3858 e
1072 3800 1210 3858 carminis
1227 3798 1378 3861 XXVIII

273 3883 401 3943 exordio
419 3881 522 3943 ambos
539 3886 572 3942 in
589 3882 707 3943 cohorte
720 3885 838 3944 Pisonis
857 3885 1009 3945 cuiusdam
1027 3886 1089 3944 sive
1107 3884 1290 3962 proconsulis
1308 3886 1377 3947 sive

275 3971 477 4048 propraetoris
499 3968 590 4028 fuisse
611 3969 800 4045 intellegitur.
836 3972 953 4049 scripsit
975 3976 1073 4029 autem
1098 3968 1180 4027 haud
1202 3969 1291 4029 dubie
1314 3967 1376 4030 Oa-

277 4052 370 4112 tullus
387 4054 445 4114 hoc
461 4057 650 4134 poematium,
668 4063 824 4134 postquam
842 4057 1005 4115 Veranium
1022 4063 1053 4114 et
1068 4053 1229 4114 Fabullum
1247 4073 1285 4114 ex
1302 4074 1375 4133 pro·

272 4139 435 4198 uinuaed
456 4159 523 4202 suos
544 4139 655 4202 redisse
678 4143 825 4219 cognovit,
848 4140 900 4202 sed
921 4140 1053 4203 nondum
1075 4139 1113 4199 ah
1135 4141 1207 4221 ipsis
1230 4142 1376 4202 nuntium
