2954 4990
534 397 764 443 Puouueousus
1020 461 1022 468 Ι
1115 403 1211 446 LXXV*

98 520 249 581 tentiam
267 515 404 597 Sapphus
427 517 592 596 fragmento
612 518 650 576 95
673 521 826 598 reperitur,
848 519 874 577 si
896 517 1016 598 quidem
1036 527 1116 580 recte
1086 520 1195 594 thie,

100 613 138 664 ut
138 613 301 704 putamus,
325 601 498 679 Bergkius
489 623 522 662 1n
539 602 609 663 edit
589 611 669 662 tione
686 611 791 682 quarta
809 605 925 682 scripsit
941 600 1079 678 mansos,
1097 599 1197 665 πάντα

100 683 211 768 φέρων,
234 680 290 746 ὅσα
313 683 447 766 perhola
467 681 600 748 a’oui'dco
617 709 701 758 αυως,
722 720 765 730 -
781 721 825 731 -
841 721 884 731 -
902 683 999 767 φέρεις
1016 681 1076 748 clav
1093 710 1195 767 perspi

98 776 207 834 παῖδα.
236 773 351 845 deinde,
371 772 619 874 quemadmodum
631 772 758 833 Latinus
775 782 863 853 poeta
880 795 908 832 v.
925 775 992 832 26
982 793 1105 834 iuvenes
1123 776 1196 834 facit

101 859 275 919 exclamant
263 866 306 919 tes
334 858 493 936 ‘Hespera
525 859 577 937 qui
603 859 685 918 caelo
710 859 789 918 lucet
812 857 969 917 iucundior
997 858 1121 936 ignis?‚’
1153 863 1196 919 sic

101 945 232 1005 Aeolica
256 945 369 1023 poetria
391 943 558 1021 Hesperum
584 945 703 1002 vocavit
728 943 858 1003 siderum
880 946 1012 1002 omnium
1034 945 1196 1022 pulcherri-

101 1050 186 1088 mum
205 1024 252 1103 (fr.
272 1027 355 1102 133)
394 1035 457 1086 tum
480 1030 703 1106 conparationes
726 1028 795 1086 illae
817 1030 849 1087 in
866 1049 893 1088 v.
913 1030 1039 1087 39-44
1057 1032 1195 1090 carminis

100 1113 269 1174 Catulliani
290 1112 372 1172 haud
392 1132 516 1193 parvam
539 1112 650 1172 habent
638 1120 735 1172 tcum
754 1111 891 1192 Sapphus
914 1113 1071 1190 fragment
1062 1135 1087 1174 rs
1050 1116 1146 1173 ι93
1166 1122 1197 1175 et

103 1201 147 1257 94
166 1197 397 1259 similitudinem.
432 1217 489 1258 nec
486 1199 605 1300 inepte
623 1197 675 1256 illa
692 1217 769 1277 quae
786 1218 815 1256 v.
835 1199 907 1258 aas.
923 1205 952 1257 et
966 1200 1038 1258 tile.
1057 1200 1160 1260 dicunt
1148 1209 1197 1258 tur

103 1304 173 1342 cum
194 1284 294 1346 verbis
311 1274 500 1383 satrapas
484 1301 531 1358 ησι
552 1276 650 1358 urimo
673 1278 722 1357 (fr.
742 1279 795 1356 97)
818 1300 1025 1362 conponemus
1067 1284 1196 1364 denique

102 1369 233 1429 Lesbiae
253 1369 384 1468 poetriae
409 1367 599 1446 epithalamia
621 1376 680 1440 aut,
708 1374 742 1425 ut
758 1369 872 1426 cautius
895 1368 1059 1447 loquamur,
1081 1378 1196 1448 partem

102 1473 207 1514 eorum
229 1455 362 1511 carmina
382 1452 541 1512 amoebaea
562 1451 653 1513 fuisse
677 1470 694 1510 e
716 1472 777 1510 non
799 1451 890 1510 nullis
913 1452 1088 1529 fragmentis
1105 1455 1196 1513 confi·

101 1538 178 1599 dent
165 1544 210 1598 ter
225 1538 296 1596 licet
314 1536 460 1614 colligere.
495 1537 589 1597 veluti
610 1536 852 1638 petulantissima
864 1536 917 1596 illa
934 1535 972 1596 de
990 1538 1112 1598 custode
1130 1539 1195 1599 tha·

102 1623 178 1682 lami
192 1621 226 1681 fr.
242 1624 282 1680 98
301 1642 361 1681 non
373 1629 497 1701 possunt
512 1630 574 1682 rect
575 1641 592 1682 e
605 1622 747 1698 intellegi
766 1624 826 1681 nisi
843 1624 875 1681 in
891 1624 1021 1682 carmine
1034 1642 1073 1684 ex
1086 1644 1145 1702 quo
1164 1625 1196 1684 hi

102 1727 208 1768 versus
227 1703 351 1766 delibati
368 1714 437 1766 sunt
454 1707 575 1766 chorum
592 1707 758 1785 puellarum
776 1727 844 1765 cum
861 1727 1018 1806 puerorum
1032 1709 1120 1769 choro
1136 1728 1196 1769 cer·

104 1795 217 1852 taviase
240 1794 390 1864 sumimus,
414 1791 503 1871 idque
525 1791 680 1852 subolebat
700 1793 853 1852 Demetrio
875 1785 942 1869 περὶ
964 1787 1063 1869 ἑρμηι.
1085 1816 1113 1874 p.
1134 1796 1194 1853 299

104 1878 157 1956 Sp.
194 1885 223 1936 et
244 1879 277 1936 in
298 1837 404 1953 fragnl.
424 1877 463 1934 95
487 1879 512 1936 si
533 1877 686 1956 Hesperus
711 1879 799 1936 matri
825 1875 933 1937 dicitur
958 1878 1051 1936 filiam
1074 1881 1195 1958 eripere,

102 1965 172 2042 quis
185 1963 308 2039 negabit
321 1961 399 2020 hanc
412 1979 475 2020 csse
488 1962 650 2040 querellam
664 1962 838 2040 puellarum,
857 1962 896 2021 ad
909 1981 998 2042 quam
1015 1967 1100 2042 pueri
1112 1984 1197 2043 prae-

104 2046 233 2106 dicando
262 2046 366 2107 eodem
397 2045 492 2106 sidere
522 2045 747 2124 responderint?
791 2049 910 2106 omnino
941 2056 1040 2106 autern
1066 2052 1196 2109 maxime

104 2140 226 2192 actuosa
244 2132 335 2192 fuisse
353 2131 491 2210 Sapphus
509 2131 703 2211 epithalamia
725 2131 904 2209 colloquium
921 2130 997 2190 illud
1015 2132 1197 2192 demonstrat

105 2219 185 2277 inter
203 2237 342 2294 sponsam
360 2224 390 2275 et
406 2217 610 2292 virginitatem
627 2217 796 2275 institutum
813 2217 845 2275 in
862 2215 898 2273 fr.
919 2217 988 2274 109.
1024 2219 1124 2297 itaque
1141 2238 1195 2297 pro

103 2302 260 2380 explorato
282 2300 451 2361 habendum
469 2309 514 2360 est
532 2299 683 2360 Catullum
706 2303 845 2361 carminis
862 2301 955 2360 LXII
972 2308 1003 2360 et
1023 2301 1148 2362 formam
1166 2311 1197 2364 et

103 2391 313 2464 argumentum
336 2407 354 2444 a
371 2385 492 2466 Sappho
514 2393 680 2445 mutuatum
703 2405 774 2446 esse.
818 2384 937 2446 videtur
958 2395 1057 2446 autem
1074 2390 1117 2447 ita
1133 2409 1197 2450 rem

104 2473 269 2532 instituisse
285 2479 318 2530 ut
334 2470 421 2531 modo
435 2470 599 2548 religiosius
614 2471 763 2532 Graecum
781 2472 932 2550 exemplar
944 2471 1088 2546 redderet,
1107 2474 1196 2534 modo

104 2577 158 2616 sno
184 2558 279 2633 magis
307 2555 429 2616 consilio
456 2565 593 2616 uteretur.
635 2559 676 2616 sic
698 2556 779 2637 qnod
799 2558 967 2636 Hesperum
993 2578 1012 2617 a
1036 2560 1195 2620 iuvenibus

105 2643 330 2720 virginibusque
357 2661 445 2720 super
463 2641 593 2721 Olympo
615 2650 645 2701 et
662 2640 739 2702 Oeta
763 2643 913 2702 montibus
941 2646 1072 2722 conspici
1097 2645 1194 2719 finxit,

105 2726 162 2786 hoc
179 2747 247 2786 eum
263 2737 297 2785 ut
313 2727 463 2786 hominem
476 2729 643 2787 Romanum
661 2748 723 2787 non
739 2727 887 2786 facturum
904 2728 996 2788 fuisse
1009 2728 1195 2804 arbitramur,

105 2813 163 2872 nisi
181 2811 260 2872 idem
282 2811 363 2891 apud
380 2811 500 2890 Sappho
522 2814 706 2891 repperisset
741 2812 794 2872 sed
816 2833 877 2872 non
892 2831 948 2891 per
963 2820 1059 2872 totum
1076 2833 1196 2873 carmen

105 2895 258 2956 Catullum
284 2899 375 2956 anxie
399 2899 533 2972 vestigiis
559 2899 622 2956 eius
644 2899 810 2974 ingressum
832 2915 897 2956 esse
917 2900 1000 2975 ipsae
1025 2898 1096 2956 illae
1118 2900 1195 2958 inter

106 2989 262 3059 utrumque
275 2980 482 3039 similitudines
496 3001 570 3061 quas
583 3001 673 3060 supra
686 2981 920 3058 significavimus
938 2983 1009 3040 satis
1023 2981 1195 3043 ostendunt:

107 3068 298 3126 continentur
313 3066 392 3124 enim
414 3064 587 3146 plerumque
609 3067 762 3126 sententiis
779 3068 925 3125 universis
943 3085 999 3124 nec
1016 3065 1055 3124 ad
1077 3067 1197 3145 singula

105 3152 208 3211 omnia
237 3151 393 3228 pertinent.
437 3169 535 3230 neque
560 3169 630 3210 vero
656 3150 781 3229 pulchra
810 3151 863 3209 illa
888 3151 1014 3227 virginis
1041 3171 1108 3211 cum
1133 3155 1195 3214 vite

108 3237 279 3314 conparatio
298 3253 375 3314 quae
391 3233 462 3294 inde
479 3255 498 3294 a
514 3255 543 3294 ι.
562 3237 602 3294 49
621 3237 726 3314 incipit
746 3242 843 3314 potest
865 3243 1002 3296 accurate
1019 3255 1057 3295 ex
1075 3235 1195 3316 Sappho

107 3340 247 3401 expressa
264 3339 337 3380 esse.
372 3340 550 3400 quamquam
568 3322 647 3381 enim
663 3341 724 3380 non
741 3330 821 3380 recte
836 3319 1013 3380 Leutschins
1027 3318 1120 3397 (Gett.
1136 3324 1194 3400 gel.

107 3405 184 3466 Ana.
205 3406 296 3478 1855,
313 3426 342 3484 p.
362 3402 458 3480 1992)
474 3406 574 3483 Longi
586 3407 652 3466 111
672 3407 841 3466 testimonio
859 3406 1017 3466 confisus'
1007 3427 1039 3466 1n
1057 3407 1195 3487 Sapphus

109 3493 204 3594 patria
229 3493 304 3550 vites
327 3489 479 3549 arboribus
501 3489 664 3589 adphcatas
686 3509 750 3551 esse
776 3493 895 3550 omnino
920 3494 1102 3569 negavit-
1120 3513 1196 3574 quae

108 3579 209 3655 opinio
225 3574 370 3635 refellitur
386 3576 477 3635 verbo
495 3569 684 3651 ἀμαμάξυδες
701 3576 739 3636 ab
757 3576 810 3635 illa
826 3585 966 3678 usurpato
985 3576 1196 3654 (fr.150)—,

110 3668 206 3721 tamen
223 3681 326 3721 verum
344 3669 388 3720 est
405 3660 486 3740 apud
497 3661 622 3723 Lesbios
639 3661 791 3741 Asiaeque
808 3664 930 3721 minoris
947 3662 1060 3722 incolas
1078 3663 1197 3722 solitum

110 3765 219 3806 morem
236 3746 316 3805 hunc
337 3745 429 3806 fuisse
450 3753 484 3804 ut
505 3748 580 3807 vites
599 3746 681 3807 nullo
699 3746 878 3807 adminiculo
900 3747 984 3806 humi
1000 3767 1103 3826 repere
1121 3750 1197 3808 sine·

111 3839 174 3890 rent
191 3828 255 3911 (qui
269 3850 332 3890 mos
347 3833 473 3890 nuncin
487 3832 641 3892 omnifere
657 3832 784 3893 Graecia
797 3831 968 3910 obtinetur.)
994 3832 1070 3891 conf.
1081 3841 1198 3910 praeter

111 3915 246 3992 Longum
263 3915 326 3975 lc.
343 3909 440 3975 Varro
456 3935 511 3975 rer.
529 3925 600 3976 rust.
618 3917 755 3977 Isau.
791 3918 827 3976 V.
845 3917 1011 3978 Hehnius
1002 3938 1034 3976 m
1051 3918 1127 3977 libro
1145 3919 1199 3997 qui

111 4003 279 4060 inscribitur
302 4000 564 4081 ‘Kalturpflanzen
585 4001 648 4060 und
665 4001 857 4063 Hansthiere'
880 4023 908 4081 p.
927 4003 999 4061 tes.
1019 4009 1049 4063 et
1069 4004 1131 4061 469
1150 4001 1198 4062 ed.

111 4093 238 4164 quartae.
279 4088 388 4165 itaque,
410 4096 443 4145 nt
463 4091 563 4163 imago
585 4088 617 4146 vi
618 4087 655 4146 tis
678 4107 745 4146 cum
766 4087 847 4146 ulmo
869 4089 1044 4147 coniunctae
1065 4108 1126 4147 non
1148 4088 1200 4150 ab·

111 4171 208 4234 horret
230 4191 249 4230 a
270 4174 400 4231 carmine
418 4171 578 4253 Sapphico,
601 4173 643 4232 sie
665 4190 701 4232 ea
724 4190 800 4252 quae
821 4175 854 4231 in
875 4171 956 4231 nudo
978 4192 1050 4232 arvo
1067 4175 1200 4233 nascitur
