2954 4990
553 380 782 424 PROLEGOROENA
1154 380 1215 423 XLV

121 498 278 558 lasciviam
295 498 483 576 significavit.
518 501 545 558 is
562 503 654 576 igitur
675 498 849 559 condicione
866 505 987 578 accepta
1007 500 1213 559 reconciliatus

121 585 241 664 puellae
259 605 312 662 pro
330 603 361 644 ss
378 593 479 643 tamen
496 583 653 644 Volusium
675 585 827 643 substituit
844 585 966 663 eiusque
983 585 1115 657 annales,
1139 604 1212 663 quos

122 670 336 729 contumeliosa
358 668 558 747 adpellationc
579 680 698 729 cacatae
722 670 839 729 chartae
861 677 953 741 notat,
977 669 1016 727 ad
1038 668 1213 730 solvendum

120 764 225 813 votum
244 755 376 814 comburi
392 753 483 813 iubet.
518 756 561 813 sic
578 756 657 814 enim
674 775 707 815 rs
723 774 795 814 vcra
812 775 836 814 c.
850 753 990 813 XXXVI
1008 754 1213 832 accipiendum

120 859 187 899 esse
205 859 272 898 cum
290 858 306 899 c
323 859 352 898 v.
372 841 435 912 9s,
454 839 507 898 ubi
525 840 678 917 ‘pessima’
695 839 796 918 puella
812 842 910 899 iocose
931 837 1087 917 lepideque
1105 839 1214 898 dicitur

120 933 224 984 votum
246 944 331 984 suum
357 923 469 996 fecisse,
496 930 558 982 tum
582 943 598 984 e
620 945 647 983 v.
673 927 720 997 18,
748 924 801 983 ubi
825 923 918 984 verba
941 923 985 982 ‘at
1006 944 1059 983 vos
1085 924 1211 985 interea’

121 1017 234 1069 certam
259 1007 409 1088 quandam
436 1011 649 1088 oppositionem
679 1009 826 1082 indicant,
858 1011 1023 1069 necessario
1055 1009 1212 1086 colligitur,

119 1097 330 1174 perspexitque
347 1097 407 1152 iam
425 1094 621 1154 Baehrensius
639 1095 763 1154 analect.
782 1093 889 1153 Catull.
911 1115 940 1174 p.
961 1095 1008 1167 15,
1032 1114 1211 1174 quamquam

120 1179 154 1238 id
171 1183 270 1258 ipsum
287 1178 365 1259 quod
384 1178 423 1238 ad
445 1179 683 1238 convincendum
703 1182 735 1238 in
757 1181 859 1258 primis
882 1186 983 1258 aptum
1001 1189 1045 1238 est
1066 1201 1128 1239 non
1149 1184 1212 1238 ani·

118 1264 288 1324 madvertit.
324 1264 381 1323 hoc
402 1272 501 1323 autem
523 1266 701 1342 poematium
723 1283 762 1324 ex
783 1266 826 1324 eis
847 1282 923 1343 quae
944 1262 1045 1342 paullo
1068 1271 1138 1324 ante
1161 1284 1210 1325 ex·

119 1352 273 1430 posuimus
294 1347 477 1426 intellegitur
504 1351 620 1409 circiter
639 1349 719 1408 idem
742 1356 857 1427 tempus
877 1368 935 1428 quo
954 1369 977 1408 c.
995 1347 1103 1408 XOV⁸
1120 1353 1211 1427 scrip-

118 1442 185 1494 tum
207 1453 283 1507 esse,
308 1441 348 1507 et,
376 1436 401 1492 si
426 1442 505 1494 recte
526 1437 559 1492 in
583 1436 767 1506 universum,
795 1441 829 1492 ut
850 1433 1036 1506 confidimus,
1064 1453 1152 1513 supra
1174 1434 1211 1494 de

119 1521 285 1578 carminum
296 1517 530 1578 Catullianorum
543 1537 620 1598 quae
633 1518 672 1578 ad
681 1519 807 1579 Lesbiae
820 1537 949 1578 amorem
963 1525 1097 1597 spectant
1106 1519 1210 1579 ordine

118 1605 359 1683 temporibusque
381 1602 604 1682 disputavimus,
627 1624 706 1663 anno
731 1599 846 1682 894160
868 1604 930 1663 fere
951 1603 1048 1663 medio
1070 1607 1210 1683 scriptum

118 1695 173 1749 est.
208 1689 278 1747 hinc
296 1693 385 1748 etiam
402 1688 522 1768 quando
538 1687 651 1749 Cinnae
665 1690 796 1768 Zmyrna
813 1697 843 1749 et
859 1689 980 1748 annales
994 1689 1111 1748 Volusii
1124 1689 1209 1758 edita

119 1777 180 1834 sint
201 1773 393 1853 probabiliter
418 1775 504 1834 nobis
529 1773 665 1834 videmur
687 1774 812 1834 definire
832 1793 931 1852 posse:
957 1781 1114 1854 utrumque
1136 1795 1209 1854 opus

118 1859 176 1919 sub
201 1862 320 1918 initium
346 1857 478 1918 eiusdem
504 1861 577 1918 anni
602 1859 785 1938 publicatum
811 1879 875 1919 esse
901 1859 1083 1919 arbitramur.
1106 1860 1208 1920 -de

118 1944 244 2005 Volusio
267 1943 343 2002 nihil
364 1952 516 2022 praeterea
537 1951 640 2003 notum
662 1951 714 2003 est.
749 1965 819 2003 nam
841 1943 920 2024 quod
942 1951 1008 2024 post
1028 1945 1156 2024 Hauptii
1177 1948 1209 2004 in

118 2028 342 2108 quaestionibus
358 2028 535 2088 Catullianis
553 2027 782 2106 disputationem
800 2028 911 2108 (opusc.
925 2029 950 2102 I,
968 2049 997 2108 p.
1013 2030 1050 2087 71
1067 2028 1103 2106 s.)
1117 2029 1207 2106 vulgo

116 2114 244 2174 credunt
269 2113 431 2191 significari
455 2113 512 2173 hoc
533 2117 652 2174 nomine
673 2114 838 2174 Tanusium
858 2115 1028 2187 Geminum,
1055 2113 1088 2172 id
1113 2133 1209 2193 nuper

117 2199 155 2259 P.
178 2200 213 2256 Ε.
236 2197 481 2276 Sonuenburgius
503 2201 535 2258 in
560 2206 746 2266 commentat.
769 2199 870 2259 histor.
891 2198 1025 2257 Arnoldo
1048 2197 1207 2258 Schaefero

117 2283 225 2343 dicatis
250 2304 278 2362 p.
307 2283 367 2342 158
391 2303 428 2343 ss.
458 2287 523 2343 iure
553 2284 626 2343 mihi
656 2287 838 2363 inpugnasset
867 2283 997 2356 videtur,
1030 2304 1208 2363 quamquam

117 2370 405 2444 argumentationem
423 2370 486 2428 eius
503 2388 564 2427 non
581 2375 674 2428 totam
688 2368 827 2448 adprobo.
859 2388 914 2428 nec
928 2368 1059 2428 adducor
1076 2377 1110 2426 ut
1123 2369 1208 2429 aliter

116 2453 245 2514 iudicem
271 2453 355 2514 lectis
381 2457 424 2514 eis
449 2473 526 2532 quae
552 2453 724 2513 Schwabius
755 2453 855 2514 annal.
879 2452 982 2532 philol.
1009 2461 1030 2512 t.
1058 2454 1203 2528 CXXIX,

116 2559 146 2618 p.
163 2540 225 2598 380
239 2559 276 2598 ss.
295 2538 334 2598 ad
353 2537 571 2599 defendendam
588 2546 717 2599 veterem
736 2543 905 2619 opinionem
923 2539 1029 2598 attulit
1048 2542 1153 2598 nititur
1171 2560 1207 2599 ea

116 2624 182 2682 loco
200 2623 329 2703 quodam
347 2623 479 2684 Senecae
495 2623 664 2703 philosophi
682 2627 733 2704 qui
751 2629 834 2704 epist.
855 2626 894 2683 93
915 2627 963 2697 11,
982 2632 1138 2705 postquam
1155 2625 1207 2684 ad-

114 2712 278 2768 versarium
302 2709 374 2769 haec
400 2709 547 2769 dicentem
572 2709 704 2769 induxit:
733 2709 806 2770 ‘non
828 2718 889 2770 tam
910 2710 1010 2769 multis
1031 2712 1110 2769 vixit
1131 2709 1206 2787 (hle-

115 2801 224 2854 tronax
249 2791 455 2873 philosophus)
482 2795 568 2853 annis
590 2814 681 2873 quam
706 2795 824 2874 potuit',
843 2794 883 2854 ad
905 2813 941 2854 ea
966 2797 1009 2853 ita
1033 2795 1205 2873 respondet:

117 2879 161 2938 ‘et
178 2899 339 2958 paucorum
355 2898 494 2938 versuum
505 2879 582 2938 liber
596 2887 640 2939 est
654 2880 815 2960 etquidem
828 2879 994 2939 laudandus
1008 2887 1096 2958 atque
1109 2880 1204 2938 utilis:

113 2963 238 3022 annales
257 2964 384 3022 Tanusii
402 2966 459 3022 scis
477 2983 566 3042 quam
583 2964 742 3042 ponderosi
759 2968 819 3024 sint
836 2973 866 3024 et
883 2963 955 3044 quid
967 2964 1126 3022 vocentur.’
1152 2965 1205 3023 ubi

115 3055 248 3108 extrema
264 3047 357 3107 verba
378 3047 417 3106 ad
439 3049 669 3124 ignominiosum
689 3048 766 3108 illud
785 3049 900 3108 ‘cacata
921 3048 1035 3107 charta’
1054 3048 1133 3127 quod
1150 3049 1205 3108 Oa-

114 3131 206 3193 tullns
229 3131 266 3192 de
281 3135 373 3194 vastis
391 3132 509 3192 Volusii
530 3132 686 3193 annalibus
710 3133 788 3192 dixit
808 3133 912 3193 referri
931 3140 1080 3211 putantur.
1116 3154 1206 3214 quam

115 3221 314 3278 coniecturam
333 3221 389 3278 etsi
403 3220 565 3296 speciosam
579 3236 716 3278 essenon
734 3237 886 3295 negamus,
906 3239 972 3276 cum
985 3218 1099 3278 Seneca
1111 3224 1205 3279 mani-

113 3304 189 3364 festo
208 3302 320 3363 dictum
338 3302 460 3383 aliquod
478 3305 557 3364 etin
577 3302 684 3380 vulgus
706 3311 808 3362 notum
831 3311 860 3364 et
881 3324 985 3383 parum
1005 3305 1205 3364 verecundum

112 3392 146 3448 in
162 3396 262 3448 mente
279 3389 423 3462 habuerit,
440 3395 540 3448 tamen
559 3388 701 3467 conplura
716 3388 875 3467 inpediunt
887 3409 944 3469 quo
958 3391 1056 3448 minus
1069 3394 1097 3450 ei
1114 3390 1205 3451 fidem

113 3474 285 3533 tribuamus.
310 3478 438 3554 primum
452 3477 531 3533 enim
545 3474 667 3534 annales
681 3474 806 3533 Tanusii
819 3475 953 3534 versibus
966 3478 1090 3553 scriptos
1104 3476 1203 3549 fuisse,

112 3563 190 3619 sicut
206 3559 334 3633 Volusii,
358 3578 396 3619 ne
412 3562 573 3636 vestigium
590 3558 709 3639 quidem
726 3559 821 3619 ullum
843 3568 887 3620 est
904 3560 984 3640 quod
1000 3560 1124 3634 indicet,
1148 3580 1205 3620 nec

112 3644 300 3705 mediocriter
327 3647 437 3704 erravit
459 3644 645 3719 Schwabius,
669 3665 736 3705 cnm
757 3666 805 3725 qu.
829 3645 893 3704 Cat.
916 3647 1026 3725 pase
1047 3644 1081 3704 id
1102 3645 1205 3705 eloco

112 3730 247 3790 Senecae
265 3728 466 3806 colligendum
484 3748 547 3790 esse
565 3730 764 3790 contenderet.
800 3730 916 3803 deinde,
935 3751 1002 3790 oum
1020 3730 1154 3790 Suetonii
1171 3733 1205 3788 in

112 3815 169 3874 Iul.
190 3816 208 3873 9
226 3816 395 3874 testimonio
418 3823 532 3875 constet
548 3815 714 3875 Tanusium
731 3816 884 3875 historiam
902 3817 1065 3894 scripsisse,
1089 3832 1128 3874 ex
1145 3833 1205 3893 qua

112 3907 230 3979 praeter
249 3899 335 3960 illum
356 3900 534 3960 Plutarchus
557 3920 674 3980 quoque
696 3905 730 3959 in
751 3900 836 3960 Caes.
856 3903 896 3959 22
920 3908 949 3959 et
971 3899 1077 3958 Strabo
1099 3898 1204 3974 XVII,

112 4005 141 4064 p.
168 3987 229 4044 829
258 3982 348 4060 (confi
375 3987 410 4045 Β.
437 3986 557 4045 Nicsius
589 4007 661 4045 mus.
694 3987 788 4046 Rhen.
815 3993 836 4044 t.
862 3984 1047 4056 XXXVIII,
1073 4004 1100 4062 p.
1129 3983 1204 4062 601)

112 4071 280 4144 hauserunt,
304 4071 342 4129 ad
361 4071 485 4131 eandem
503 4071 634 4130 Senecae
652 4070 744 4130 verba
765 4073 912 4149 respicere
929 4073 995 4129 veri
1017 4088 1087 4129 sane
1110 4070 1206 4130 simile

110 4163 163 4231 est,
191 4175 288 4236 neque
309 4156 512 4237 probabilitati
536 4157 622 4216 huius
646 4159 812 4216 sententiae
836 4154 870 4224 id
897 4154 990 4214 officit
1011 4154 1090 4234 quod
1111 4155 1207 4235 philo·
