2968 4990
486 409 664 454 ADNOTA'IIO
687 410 810 454 (salmoe
1119 410 1197 454 uxm

95 532 192 592 ‘lineis
218 530 257 590 ad
282 529 417 608 regulam
443 529 546 603 duone,
574 529 730 590 referenda
756 537 844 610 atque
871 549 938 590 eum
964 529 1063 590 verbis
1085 534 1196 606 pumice

105 620 197 676 omnia
214 626 337 692 aequata
350 615 560 693 coniungenda
573 623 649 676 sunt.
676 616 732 676 hoc
745 636 812 676 eum
824 617 985 676 rectissime
997 619 1196 695 perspexisset

103 705 222 775 Mnnro‚
244 703 277 760 in
299 720 333 761 eo
351 708 452 760 tamen
474 702 584 760 erravit
600 699 681 780 quod
698 709 808 781 puncto
826 708 893 780 post
910 703 1083 759 membranae
1099 702 1194 780 posito

104 787 197 846 verba
215 788 376 845 derecta—
386 795 508 860 aequata
523 805 590 845 cnm
606 786 674 844 lucc
690 788 863 865 pronomine
880 787 912 844 in
924 805 952 844 v.
969 787 986 844 9
1005 789 1194 845 consociavit.

103 875 215 932 etenim
231 874 321 930 totius
342 871 400 931 loci
418 874 492 930 ratio
511 869 692 931 demonstrat
709 871 800 931 verbo
818 881 939 946 aequata
958 870 1077 930 demum
1095 873 1193 931 termi-

104 960 173 1016 nari
190 958 384 1016 enuntiatum.
419 974 511 1035 quere
528 963 595 1034 post
612 958 786 1014 membranae
803 975 918 1016 comma
934 955 1105 1034 ponendum
1123 963 1194 1015 erat.

102 1044 149 1100 ita
167 1045 329 1100 orationem
350 1061 417 1100 cum
438 1039 674 1114 conformassem,
696 1041 762 1100 vidi
782 1039 885 1102 eodem
906 1040 994 1100 modo
1011 1042 1196 1101 Benoistium

104 1128 261 1186 Mnnronis
283 1127 447 1185 sententiae
470 1126 647 1185 succurrisse
665 1121 767 1200 (revue
785 1126 822 1184 de
839 1125 951 1204 philol,
974 1147 1003 1186 n.
1022 1145 1045 1184 s.
1062 1126 1114 1186 HI
1132 1123 1194 1202 27).

103 1213 269 1272 temerariis
287 1217 390 1289 postea
408 1212 585 1270 coniecturis
602 1210 700 1270 locum
717 1214 873 1290 temptavit
889 1211 1002 1269 BirtIns
1020 1218 1080 1269 ant.
1098 1212 1195 1270 Buch-

103 1315 204 1355 wesen
220 1317 249 1374 p.
269 1296 317 1354 69.
354 1299 417 1353 loro
434 1297 523 1353 cahra
538 1314 595 1372 ego
613 1295 733 1375 quidem
750 1294 865 1355 indices
876 1298 947 1355 'sive
964 1291 1123 1374 σιττύβους,
1142 1299 1194 1375 qui

104 1381 180 1440 falso
202 1379 293 1458 vulgo
315 1375 445 1458 clitellae
467 1389 611 1440 vocantur
632 1377 672 1456 (v.
691 1381 841 1459 Hauptius
860 1401 956 1460 opusc.
975 1380 1129 1458 111411),
1150 1383 1196 1440 in-

103 1466 223 1543 tellego.
266 1465 342 1525 conf.
363 1465 532 1543 Hesychius
549 1466 603 1539 IV,
620 1486 649 1566 p.
669 1467 709 1524 36
728 1466 843 1526 Schm:
861 1459 1023 1544 σιττύβαι
1040 1464 1120 1542 (fort.
1139 1461 1194 1524 cie·

103 1549 214 1629 avilen·
246 1547 414 1627 laqueemur
440 1544 550 1609 nealal.
594 1569 632 1608 ea
659 1543 750 1626 μικροὶ
777 1545 942 1625 iporeiam.
970 1581 1013 1592 -
1039 1552 1058 1610 8
1085 1551 1197 1609 derecta

104 1636 227 1696 Statius.
263 1639 371 1694 detecta
387 1635 424 1696 V.
461 1636 569 1694 directa
584 1634 745 1714 Hauptius.
781 1635 856 1695 conf.
875 1634 976 1695 Ellisii
993 1635 1062 1694 adn.
1081 1639 1196 1695 crit-

107 1722 148 1779 13
168 1723 268 1779 terciae
285 1722 393 1780 Munro
410 1719 429 1779 l.
443 1719 472 1794 L,
491 1723 543 1800 qui
561 1719 632 1780 olim
651 1721 689 1781 de
706 1723 872 1800 antiquiore
889 1719 983 1780 forma
999 1725 1099 1779 tertiae
1117 1724 1195 1799 cogi-

35 1837 38 1842 ·
104 1813 229 1866 taverat.
265 1809 374 1864 tristius
390 1803 429 1866 V.
463 1809 557 1864 tritico
573 1805 784 1866 Lachmannus
797 1806 1006 1885 Hauptiusque
1019 1827 1085 1866 eum
1099 1807 1194 1867 Italis.

170 1890 265 1951 XXV
282 1890 300 1948 5
318 1893 494 1950 mulierariae
511 1891 671 1969 Hauptius,
691 1891 770 1970 quod
786 1893 903 1963 retinui,
923 1911 1009 1950 cruce
1026 1899 1127 1951 tamen
1144 1890 1196 1950 ad-

105 1979 213 2055 posita,
234 1996 305 2035 nam
326 1975 423 2036 locum
441 1974 650 2036 difficillimum
673 1978 715 2035 sic
732 1984 923 2054 personatum
940 1995 1003 2036 esse
1020 1996 1081 2036 non
1098 1977 1194 2036 oredo.

105 2061 246 2134 ml’r'am'ca
259 2059 295 2121 Ο.
325 2064 423 2120 mulier
439 2058 699 2119 alioaGintextu.
733 2079 792 2118 cum
805 2062 871 2118 diva
885 2062 999 2118 Marcia
1015 2064 1194 2119 atritione.

105 2148 269 2205 novissime
286 2146 394 2204 Munro
411 2165 440 2223 p.
460 2144 509 2203 63.

170 2229 280 2290 XXVI
299 2232 315 2286 1
335 2238 431 2287 vestra
442 2226 479 2289 Ο.
493 2237 591 2291 mostra
604 2228 634 2289 G
647 2249 714 2289 cum
727 2245 753 2303 ς,
767 2228 978 2290 Lachmannus
991 2236 1022 2290 et
1034 2231 1193 2310 Hanptius

102 2315 184 2376 conf.
204 2314 377 2374 Schwabius
395 2320 506 2392 quaest.
526 2313 590 2374 (iat.
610 2314 680 2374 154.
699 2315 759 2373 156
778 2322 808 2374 et
824 2315 931 2374 Mnnro
950 2318 1013 2374 crit.
1033 2316 1082 2374 66.

170 2398 297 2460 XXVII
318 2401 339 2457 4
362 2399 468 2457 chricea
494 2401 574 2457 accim
601 2402 705 2478 scripsi
730 2401 907 2460 Mnnronem
929 2420 957 2478 p.
978 2401 1193 2462 censecutos.

104 2486 212 2543 ebriose
233 2487 312 2542 aciem
334 2483 371 2545 V.
411 2486 520 2544 ebriosa
545 2487 628 2544 acina
648 2486 859 2546 Lachmannns
879 2485 1089 2566 Hauptiusque
1110 2506 1194 2567 prae-

104 2577 195 2629 eunte
212 2568 363 2646 Scaligero
381 2568 502 2630 adducti
520 2571 562 2629 eis
580 2589 657 2651 quae
674 2570 790 2631 Gellius
802 2571 849 2630 VI
863 2572 904 2630 20
918 2572 936 2629 6
955 2570 1126 2650 disputavit,
1145 2576 1194 2632 cui

104 2655 171 2714 loco
189 2654 255 2733 plue
273 2673 367 2734 aequo
384 2655 526 2715 tributum
542 2659 575 2714 in
592 2656 662 2715 crisi
679 2653 856 2716 Catulliana.

170 2739 312 2799 XXVIII
330 2741 348 2798 3
373 2740 478 2799 Verani
493 2739 530 2800 V.
562 2741 689 2799 Verammi
703 2740 861 2820 Hauptius.
889 2740 965 2801 conf.
984 2739 1023 2799 ad
1040 2741 1090 2799 IX
1108 2743 1135 2800 1.
1148 2771 1192 2782 —

105 2824 126 2883 6
144 2831 211 2901 post
231 2824 312 2883 hunc
328 2842 445 2884 versum
462 2826 580 2901 signum
601 2825 727 2885 lacunae
748 2827 834 2904 posui
855 2845 949 2884 unum
969 2824 1193 2903 hendecasylla-

104 2909 179 2968 bum
197 2908 342 2970 excidisse
357 2915 447 2982 ratns,
466 2910 509 2967 ita
525 2917 559 2967 nt
575 2910 699 2970 verbnm
716 2929 864 2985 capannam
881 2909 920 2968 ad
938 2908 1060 2968 alteram
1078 2918 1193 2988 partem

103 2994 346 3070 interrogationis
371 3012 451 3053 nnnc
477 2997 616 3052 amissam
636 2997 791 3072 pertineat.
827 2993 956 3072 quodsi,
980 3001 1013 3052 ut
1034 2994 1125 3070 vulgo
1148 2995 1190 3068 fit,

103 3098 174 3138 cum
192 3080 234 3138 eis
251 3095 327 3157 quae
344 3079 378 3136 in
395 3077 479 3136 libris
496 3080 629 3156 proxime
642 3077 823 3138 antecedunt
832 3079 1029 3156 coniungitur,
1047 3078 1088 3137 ad
1103 3080 1192 3141 valde

101 3162 296 3223 artificiosam
317 3161 592 3242 inprobabilemque
609 3163 881 3243 interpretationem
898 3162 1130 3239 confugiendum
1147 3174 1193 3226 est

104 3247 195 3326 (conf.
213 3247 314 3307 Ellisii
332 3248 539 3323 commentar).
567 3251 631 3308 sIue
648 3247 739 3308 dubio
753 3255 840 3326 poeta
853 3266 890 3308 ex
903 3250 1006 3306 amicis
1020 3248 1193 3328 simpliciter

101 3334 293 3414 quaesiverat
317 3340 416 3392 utrum
440 3331 516 3392 lucri
540 3332 654 3411 aliquid
679 3335 712 3392 in
733 3333 852 3396 Pisonis
877 3333 1031 3413 provincia
1053 3333 1192 3396 recusent

102 3439 153 3491 an,
179 3425 213 3477 ut
237 3420 300 3496 ipse
325 3420 358 3476 in
383 3418 523 3488 Memmii,
554 3417 621 3496 plus
652 3417 861 3497 expendissent
885 3437 976 3498 quam
1001 3421 1190 3498 accepissent.

104 3503 181 3562 conf.
201 3524 225 3562 c.
243 3503 276 3560 X
294 3504 321 3562 8.
361 3521 458 3582 neque
479 3502 575 3575 video,
599 3505 658 3562 nisi
679 3505 723 3562 ita
739 3503 800 3562 fere
818 3504 1028 3580 interrogasset
1045 3502 1189 3580 Catullus,

99 3607 163 3668 quo
181 3587 268 3648 modo
281 3607 309 3648 v.
326 3588 365 3644 12
383 3606 505 3666 pergere
522 3589 666 3665 potuisset
682 3587 729 3647 his
740 3588 855 3648 verbis:
873 3591 932 3662 aad,
952 3589 1084 3664 quantum
1100 3593 1189 3662 video,

99 3676 172 3750 paci
185 3675 282 3746 fuistis
295 3671 381 3730 Gaea.
418 3679 546 3732 ceterum
563 3671 636 3752 quid
653 3677 850 3754 requireretur
860 3673 917 3733 hoc
933 3673 998 3734 loeo
1016 3676 1075 3734 iam
1089 3674 1188 3735 Olum-

102 3775 192 3837 perus
209 3757 327 3817 miscell
346 3757 418 3836 phil
436 3764 466 3817 et
482 3757 567 3836 paed.
585 3758 694 3818 11147
713 3758 908 3831 intellexerat,
926 3779 1106 3839 quamquam
1122 3779 1190 3819 con·

101 3845 216 3903 iectura
234 3861 336 3920 parum
354 3842 434 3903 felici
450 3862 529 3902 usus.

167 3925 281 3986 XXIX
299 3929 317 3986 8
335 3927 404 3985 iamt
421 3929 535 3986 idoneas
548 3927 692 4004 silligius.
727 3937 776 3986 aut
792 3931 915 4004 ydoneus
928 3927 965 3989 V.
993 3939 1043 3988 aut
1059 3931 1190 3988 Adamana

101 4013 225 4087 Statius,
248 4032 309 4092 qua
330 4014 499 4073 coniectura
515 4012 648 4091 Hauptio
672 4033 739 4073 cum
759 4012 907 4093 plerisque
928 4014 1052 4092 probata
1068 4034 1191 4075 manum

100 4105 207 4177 poetae
229 4099 394 4158 restitutam
419 4115 483 4158 esse
508 4118 669 4177 numquam
690 4097 867 4176 persuadere
887 4098 962 4156 mihi
986 4101 1077 4177 potui.
1113 4099 1190 4160 conf.

100 4202 183 4243 nuno
200 4184 307 4242 Munro
325 4202 353 4261 p.
374 4183 414 4242 96
424 4201 447 4242 s.
464 4189 494 4242 et
512 4183 573 4242 109
584 4203 605 4243 s.
620 4214 663 4224 -
682 4185 720 4242 13
741 4184 870 4262 diffututa
886 4182 965 4244 Itali.
1001 4185 1135 4261 diffmtmra
1151 4185 1191 4246 V.

154 4278 252 4322 ortuum
999 4282 1021 4322 Η
