<?xml version="1.0" encoding="UTF-8"?>
<!DOCTYPE html PUBLIC "-//W3C//DTD XHTML 1.0 Transitional//EN"
    "http://www.w3.org/TR/xhtml1/DTD/xhtml1-transitional.dtd">
<html xmlns="http://www.w3.org/1999/xhtml" xml:lang="en" lang="en">
 <head>
  <title>
</title>
<meta http-equiv="Content-Type" content="text/html;charset=utf-8" />
  <meta name='ocr-system' content='tesseract 3.04.00' />
  <meta name='ocr-capabilities' content='ocr_page ocr_carea ocr_par ocr_line ocrx_word'/>
</head>
<body>
  <div class='ocr_page' id='page_1' title='image "./carmina01schmgoog_0094.png"; bbox 0 0 2968 4990; ppageno 0'>
   <div class='ocr_carea' id='block_1_1' title="bbox 565 390 1225 435">
    <p class='ocr_par' dir='ltr' id='par_1_1' title="bbox 565 390 1225 435">
     <span class='ocr_line' id='line_1_1' title="bbox 565 390 1225 435; baseline 0.005 -4"><span class='ocrx_word' id='word_1_1' title='bbox 565 390 793 434; x_wconf 75' lang='lat' dir='ltr'>Pnenaeonuna</span> <span class='ocrx_word' id='word_1_2' title='bbox 1098 391 1225 435; x_wconf 81' lang='lat' dir='ltr'>LXXXVII</span> 
     </span>
    </p>
   </div>
   <div class='ocr_carea' id='block_1_2' title="bbox 132 499 1223 590">
    <p class='ocr_par' dir='ltr' id='par_1_2' title="bbox 132 499 1223 590">
     <span class='ocr_line' id='line_1_2' title="bbox 132 499 1223 590; baseline -0.002 -19"><span class='ocrx_word' id='word_1_3' title='bbox 132 520 236 590; x_wconf 90' lang='lat' dir='ltr'>petam</span> <span class='ocrx_word' id='word_1_4' title='bbox 261 499 435 570; x_wconf 86' lang='lat' dir='ltr'>translatum</span> <span class='ocrx_word' id='word_1_5' title='bbox 463 530 486 568; x_wconf 93' lang='lat' dir='ltr'>c.</span> <span class='ocrx_word' id='word_1_6' title='bbox 504 509 643 569; x_wconf 88' lang='lat' dir='ltr'>LXVIII</span> <span class='ocrx_word' id='word_1_7' title='bbox 662 511 723 568; x_wconf 99' lang='grc'>124</span> <span class='ocrx_word' id='word_1_8' title='bbox 751 505 840 584; x_wconf 83' lang='lat' dir='ltr'>(conf.</span> <span class='ocrx_word' id='word_1_9' title='bbox 867 509 1029 569; x_wconf 84' lang='lat' dir='ltr'>Lorenzius</span> <span class='ocrx_word' id='word_1_10' title='bbox 1056 509 1095 568; x_wconf 88' lang='lat' dir='ltr'>ad</span> <span class='ocrx_word' id='word_1_11' title='bbox 1120 510 1223 569; x_wconf 90' lang='lat' dir='ltr'>Plauti</span> 
     </span>
    </p>
   </div>
   <div class='ocr_carea' id='block_1_3' title="bbox 130 591 1276 4244">
    <p class='ocr_par' dir='ltr' id='par_1_3' title="bbox 130 591 1276 3478">
     <span class='ocr_line' id='line_1_3' title="bbox 135 591 1222 675; baseline -0.001 -19"><span class='ocrx_word' id='word_1_12' title='bbox 135 596 263 656; x_wconf 90' lang='lat' dir='ltr'>Mostell.</span> <span class='ocrx_word' id='word_1_13' title='bbox 283 597 344 654; x_wconf 89' lang='grc'>819</span> <span class='ocrx_word' id='word_1_14' title='bbox 355 617 377 656; x_wconf 90' lang='lat' dir='ltr'>s.</span> <span class='ocrx_word' id='word_1_15' title='bbox 396 605 426 655; x_wconf 90' lang='lat' dir='ltr'>et</span> <span class='ocrx_word' id='word_1_16' title='bbox 442 597 475 654; x_wconf 92' lang='lat' dir='ltr'>in</span> <span class='ocrx_word' id='word_1_17' title='bbox 491 594 584 675; x_wconf 85' lang='lat' dir='ltr'>praef.</span> <span class='ocrx_word' id='word_1_18' title='bbox 603 593 664 653; x_wconf 91' lang='lat' dir='ltr'>mil.</span> <span class='ocrx_word' id='word_1_19' title='bbox 682 594 755 671; x_wconf 83' lang='lat' dir='ltr'>glor.</span> <span class='ocrx_word' id='word_1_20' title='bbox 775 615 803 673; x_wconf 91' lang='lat' dir='ltr'>p.</span> <span class='ocrx_word' id='word_1_21' title='bbox 824 591 885 669; x_wconf 89' lang='grc'>61).</span> <span class='ocrx_word' id='word_1_22' title='bbox 920 597 1113 654; x_wconf 89' lang='lat' dir='ltr'>inveniuntur</span> <span class='ocrx_word' id='word_1_23' title='bbox 1131 599 1222 655; x_wconf 89' lang='lat' dir='ltr'>etiam</span> 
     </span>
     <span class='ocr_line' id='line_1_4' title="bbox 134 677 1223 758; baseline -0.002 -17"><span class='ocrx_word' id='word_1_24' title='bbox 134 702 199 741; x_wconf 92' lang='lat' dir='ltr'>non</span> <span class='ocrx_word' id='word_1_25' title='bbox 219 681 302 740; x_wconf 90' lang='lat' dir='ltr'>nulla</span> <span class='ocrx_word' id='word_1_26' title='bbox 325 685 358 740; x_wconf 91' lang='lat' dir='ltr'>in</span> <span class='ocrx_word' id='word_1_27' title='bbox 378 681 425 739; x_wconf 91' lang='lat' dir='ltr'>his</span> <span class='ocrx_word' id='word_1_28' title='bbox 448 679 626 740; x_wconf 80' lang='lat' dir='ltr'><strong>carminibus</strong></span> <span class='ocrx_word' id='word_1_29' title='bbox 649 699 725 758; x_wconf 89' lang='lat' dir='ltr'>quae</span> <span class='ocrx_word' id='word_1_30' title='bbox 747 677 911 738; x_wconf 87' lang='lat' dir='ltr'>sublimiori</span> <span class='ocrx_word' id='word_1_31' title='bbox 931 682 1015 758; x_wconf 89' lang='lat' dir='ltr'>poesi</span> <span class='ocrx_word' id='word_1_32' title='bbox 1032 700 1137 758; x_wconf 90' lang='lat' dir='ltr'>parum</span> <span class='ocrx_word' id='word_1_33' title='bbox 1155 700 1223 739; x_wconf 91' lang='lat' dir='ltr'>con·</span> 
     </span>
     <span class='ocr_line' id='line_1_5' title="bbox 130 763 1223 844; baseline -0.002 -18"><span class='ocrx_word' id='word_1_34' title='bbox 130 768 261 826; x_wconf 82' lang='lat' dir='ltr'>veniant</span> <span class='ocrx_word' id='word_1_35' title='bbox 286 787 347 826; x_wconf 92' lang='lat' dir='ltr'>non</span> <span class='ocrx_word' id='word_1_36' title='bbox 368 774 402 824; x_wconf 88' lang='lat' dir='ltr'>ut</span> <span class='ocrx_word' id='word_1_37' title='bbox 423 785 476 844; x_wconf 88' lang='lat' dir='ltr'>per</span> <span class='ocrx_word' id='word_1_38' title='bbox 499 785 530 825; x_wconf 90' lang='lat' dir='ltr'>se</span> <span class='ocrx_word' id='word_1_39' title='bbox 552 764 684 837; x_wconf 90' lang='lat' dir='ltr'>humilia,</span> <span class='ocrx_word' id='word_1_40' title='bbox 711 763 764 824; x_wconf 89' lang='lat' dir='ltr'>sed</span> <span class='ocrx_word' id='word_1_41' title='bbox 785 772 885 822; x_wconf 88' lang='lat' dir='ltr'>tamen</span> <span class='ocrx_word' id='word_1_42' title='bbox 902 771 936 823; x_wconf 90' lang='lat' dir='ltr'>ut</span> <span class='ocrx_word' id='word_1_43' title='bbox 953 763 1065 824; x_wconf 89' lang='lat' dir='ltr'>solutae</span> <span class='ocrx_word' id='word_1_44' title='bbox 1083 766 1223 824; x_wconf 88' lang='lat' dir='ltr'>orationis</span> 
     </span>
     <span class='ocr_line' id='line_1_6' title="bbox 134 848 1223 931; baseline -0.001 -21"><span class='ocrx_word' id='word_1_45' title='bbox 134 856 265 931; x_wconf 89' lang='lat' dir='ltr'>propria,</span> <span class='ocrx_word' id='word_1_46' title='bbox 284 863 330 912; x_wconf 81' lang='lat' dir='ltr'>e‘x.</span> <span class='ocrx_word' id='word_1_47' title='bbox 345 871 387 928; x_wconf 82' lang='lat' dir='ltr'>gr.</span> <span class='ocrx_word' id='word_1_48' title='bbox 399 871 539 927; x_wconf 74' lang='lat' dir='ltr'><em>persaepe</em></span> <span class='ocrx_word' id='word_1_49' title='bbox 557 849 731 910; x_wconf 83' lang='lat' dir='ltr'>adverbium</span> <span class='ocrx_word' id='word_1_50' title='bbox 749 869 772 907; x_wconf 95' lang='lat' dir='ltr'>c.</span> <span class='ocrx_word' id='word_1_51' title='bbox 786 848 892 909; x_wconf 91' lang='lat' dir='ltr'>LXIV</span> <span class='ocrx_word' id='word_1_52' title='bbox 910 850 980 920; x_wconf 78' lang='lat'>340,</span> <span class='ocrx_word' id='word_1_53' title='bbox 999 852 1024 906; x_wconf 84' lang='lat' dir='ltr'>ia</span> <span class='ocrx_word' id='word_1_54' title='bbox 1041 851 1223 928; x_wconf 82' lang='lat' dir='ltr'>pronominis</span> 
     </span>
     <span class='ocr_line' id='line_1_7' title="bbox 134 933 1225 1016; baseline -0.002 -20"><span class='ocrx_word' id='word_1_55' title='bbox 134 958 223 996; x_wconf 88' lang='lat' dir='ltr'>casus</span> <span class='ocrx_word' id='word_1_56' title='bbox 246 937 358 1016; x_wconf 87' lang='lat' dir='ltr'>obliqui</span> <span class='ocrx_word' id='word_1_57' title='bbox 385 957 479 993; x_wconf 80' lang='lat' dir='ltr'>aarum</span> <span class='ocrx_word' id='word_1_58' title='bbox 502 943 531 995; x_wconf 90' lang='lat' dir='ltr'>et</span> <span class='ocrx_word' id='word_1_59' title='bbox 553 956 612 993; x_wconf 87' lang='lat' dir='ltr'>eam</span> <span class='ocrx_word' id='word_1_60' title='bbox 633 954 656 993; x_wconf 88' lang='lat' dir='ltr'>c.</span> <span class='ocrx_word' id='word_1_61' title='bbox 675 933 786 993; x_wconf 89' lang='lat' dir='ltr'>LXIII</span> <span class='ocrx_word' id='word_1_62' title='bbox 804 935 845 992; x_wconf 84' lang='lat'>54</span> <span class='ocrx_word' id='word_1_63' title='bbox 867 942 897 992; x_wconf 92' lang='lat' dir='ltr'>et</span> <span class='ocrx_word' id='word_1_64' title='bbox 918 933 1023 994; x_wconf 89' lang='lat' dir='ltr'>LXIV</span> <span class='ocrx_word' id='word_1_65' title='bbox 1042 936 1112 1007; x_wconf 84' lang='lat'>122,</span> <span class='ocrx_word' id='word_1_66' title='bbox 1136 942 1225 1014; x_wconf 89' lang='lat' dir='ltr'>atque</span> 
     </span>
     <span class='ocr_line' id='line_1_8' title="bbox 133 1017 1276 1099; baseline -0.002 -19"><span class='ocrx_word' id='word_1_67' title='bbox 133 1021 214 1081; x_wconf 91' lang='lat' dir='ltr'>illud</span> <span class='ocrx_word' id='word_1_68' title='bbox 231 1023 306 1096; x_wconf 85' lang='lat' dir='ltr'>quod</span> <span class='ocrx_word' id='word_1_69' title='bbox 324 1041 383 1079; x_wconf 82' lang='lat' dir='ltr'>cum</span> <span class='ocrx_word' id='word_1_70' title='bbox 401 1025 440 1080; x_wconf 84' lang='lat' dir='ltr'>ita</span> <span class='ocrx_word' id='word_1_71' title='bbox 458 1023 504 1093; x_wconf 83' lang='lat' dir='ltr'>sit,</span> <span class='ocrx_word' id='word_1_72' title='bbox 523 1023 606 1078; x_wconf 84' lang='lat' dir='ltr'>nolim</span> <span class='ocrx_word' id='word_1_73' title='bbox 624 1030 734 1078; x_wconf 83' lang='lat' dir='ltr'>statuas</span> <span class='ocrx_word' id='word_1_74' title='bbox 748 1022 780 1078; x_wconf 93' lang='lat' dir='ltr'>in</span> <span class='ocrx_word' id='word_1_75' title='bbox 795 1038 818 1077; x_wconf 90' lang='lat' dir='ltr'>c.</span> <span class='ocrx_word' id='word_1_76' title='bbox 828 1017 967 1078; x_wconf 92' lang='lat' dir='ltr'>LXVIII</span> <span class='ocrx_word' id='word_1_77' title='bbox 978 1021 1027 1091; x_wconf 82' lang='lat'>37,</span> <span class='ocrx_word' id='word_1_78' title='bbox 1046 1040 1225 1099; x_wconf 87' lang='lat' dir='ltr'>quamquam</span> <span class='ocrx_word' id='word_1_79' title='bbox 1273 1021 1276 1030; x_wconf 86' lang='lat'>&#39;</span> 
     </span>
     <span class='ocr_line' id='line_1_9' title="bbox 134 1103 1225 1185; baseline -0.002 -20"><span class='ocrx_word' id='word_1_80' title='bbox 134 1107 207 1166; x_wconf 89' lang='lat' dir='ltr'>huic</span> <span class='ocrx_word' id='word_1_81' title='bbox 228 1109 355 1166; x_wconf 79' lang='lat' dir='ltr'>siccitati</span> <span class='ocrx_word' id='word_1_82' title='bbox 377 1105 491 1185; x_wconf 89' lang='lat' dir='ltr'>aliquid</span> <span class='ocrx_word' id='word_1_83' title='bbox 513 1106 711 1165; x_wconf 87' lang='lat' dir='ltr'>excusationis</span> <span class='ocrx_word' id='word_1_84' title='bbox 732 1103 804 1163; x_wconf 90' lang='lat' dir='ltr'>inde</span> <span class='ocrx_word' id='word_1_85' title='bbox 823 1112 960 1182; x_wconf 85' lang='lat' dir='ltr'>paratum</span> <span class='ocrx_word' id='word_1_86' title='bbox 984 1112 1027 1164; x_wconf 88' lang='lat' dir='ltr'>est</span> <span class='ocrx_word' id='word_1_87' title='bbox 1050 1105 1130 1183; x_wconf 90' lang='lat' dir='ltr'>quod</span> <span class='ocrx_word' id='word_1_88' title='bbox 1151 1105 1225 1163; x_wconf 89' lang='lat' dir='ltr'>haec</span> 
     </span>
     <span class='ocr_line' id='line_1_10' title="bbox 135 1188 1225 1270; baseline -0.004 -18"><span class='ocrx_word' id='word_1_89' title='bbox 135 1193 251 1268; x_wconf 80' lang='lat' dir='ltr'>elegiae</span> <span class='ocrx_word' id='word_1_90' title='bbox 269 1211 336 1270; x_wconf 89' lang='lat' dir='ltr'>pars</span> <span class='ocrx_word' id='word_1_91' title='bbox 354 1190 478 1250; x_wconf 87' lang='lat' dir='ltr'>formam</span> <span class='ocrx_word' id='word_1_92' title='bbox 492 1190 582 1250; x_wconf 90' lang='lat' dir='ltr'>habet</span> <span class='ocrx_word' id='word_1_93' title='bbox 595 1189 747 1268; x_wconf 85' lang='lat' dir='ltr'>epistulae.</span> <span class='ocrx_word' id='word_1_94' title='bbox 774 1188 905 1247; x_wconf 90' lang='lat' dir='ltr'>notanda</span> <span class='ocrx_word' id='word_1_95' title='bbox 919 1196 962 1246; x_wconf 90' lang='lat' dir='ltr'>est</span> <span class='ocrx_word' id='word_1_96' title='bbox 979 1209 1065 1266; x_wconf 88' lang='lat' dir='ltr'>porro</span> <span class='ocrx_word' id='word_1_97' title='bbox 1080 1189 1225 1268; x_wconf 89' lang='lat' dir='ltr'>quaedam</span> 
     </span>
     <span class='ocr_line' id='line_1_11' title="bbox 136 1273 1225 1336; baseline -0.002 -1"><span class='ocrx_word' id='word_1_98' title='bbox 136 1279 170 1335; x_wconf 93' lang='lat' dir='ltr'>in</span> <span class='ocrx_word' id='word_1_99' title='bbox 197 1277 396 1336; x_wconf 81' lang='lat' dir='ltr'>declinatione</span> <span class='ocrx_word' id='word_1_100' title='bbox 424 1278 577 1335; x_wconf 90' lang='lat' dir='ltr'>nominum</span> <span class='ocrx_word' id='word_1_101' title='bbox 604 1273 785 1335; x_wconf 83' lang='lat' dir='ltr'>Graecorum</span> <span class='ocrx_word' id='word_1_102' title='bbox 811 1275 1018 1335; x_wconf 82' lang='lat' dir='ltr'>inconstantia</span> <span class='ocrx_word' id='word_1_103' title='bbox 1061 1293 1131 1332; x_wconf 87' lang='lat' dir='ltr'>nam</span> <span class='ocrx_word' id='word_1_104' title='bbox 1158 1295 1225 1333; x_wconf 91' lang='lat' dir='ltr'>cum</span> 
     </span>
     <span class='ocr_line' id='line_1_12' title="bbox 136 1357 1226 1439; baseline -0.004 -18"><span class='ocrx_word' id='word_1_105' title='bbox 136 1361 274 1422; x_wconf 80' lang='lat' dir='ltr'>Catullus</span> <span class='ocrx_word' id='word_1_106' title='bbox 291 1363 324 1419; x_wconf 91' lang='lat' dir='ltr'>in</span> <span class='ocrx_word' id='word_1_107' title='bbox 342 1362 422 1419; x_wconf 91' lang='lat' dir='ltr'>omni</span> <span class='ocrx_word' id='word_1_108' title='bbox 445 1379 553 1437; x_wconf 84' lang='lat' dir='ltr'>genere</span> <span class='ocrx_word' id='word_1_109' title='bbox 570 1362 667 1439; x_wconf 90' lang='lat' dir='ltr'>poesis</span> <span class='ocrx_word' id='word_1_110' title='bbox 685 1378 755 1419; x_wconf 89' lang='lat' dir='ltr'>suae</span> <span class='ocrx_word' id='word_1_111' title='bbox 772 1358 834 1418; x_wconf 87' lang='lat' dir='ltr'>fere</span> <span class='ocrx_word' id='word_1_112' title='bbox 850 1360 895 1417; x_wconf 89' lang='lat' dir='ltr'>uti</span> <span class='ocrx_word' id='word_1_113' title='bbox 912 1357 1005 1418; x_wconf 88' lang='lat' dir='ltr'>soleat</span> <span class='ocrx_word' id='word_1_114' title='bbox 1022 1362 1152 1418; x_wconf 84' lang='lat' dir='ltr'>externis</span> <span class='ocrx_word' id='word_1_115' title='bbox 1169 1366 1226 1418; x_wconf 88' lang='lat' dir='ltr'>ter·</span> 
     </span>
     <span class='ocr_line' id='line_1_13' title="bbox 135 1441 1225 1523; baseline -0.003 -18"><span class='ocrx_word' id='word_1_116' title='bbox 135 1445 351 1505; x_wconf 85' lang='lat' dir='ltr'>minationibus</span> <span class='ocrx_word' id='word_1_117' title='bbox 369 1442 441 1520; x_wconf 89' lang='lat' dir='ltr'>(vid.</span> <span class='ocrx_word' id='word_1_118' title='bbox 456 1444 643 1505; x_wconf 89' lang='lat' dir='ltr'>Heussnerus</span> <span class='ocrx_word' id='word_1_119' title='bbox 656 1444 676 1502; x_wconf 89' lang='lat'>1.</span> <span class='ocrx_word' id='word_1_120' title='bbox 690 1466 714 1504; x_wconf 92' lang='lat' dir='ltr'>c.</span> <span class='ocrx_word' id='word_1_121' title='bbox 727 1465 756 1523; x_wconf 92' lang='lat' dir='ltr'>p.</span> <span class='ocrx_word' id='word_1_122' title='bbox 769 1447 808 1502; x_wconf 88' lang='lat'>14</span> <span class='ocrx_word' id='word_1_123' title='bbox 818 1463 854 1503; x_wconf 88' lang='lat' dir='ltr'>ss.</span> <span class='ocrx_word' id='word_1_124' title='bbox 874 1451 904 1502; x_wconf 91' lang='lat' dir='ltr'>et</span> <span class='ocrx_word' id='word_1_125' title='bbox 916 1443 1063 1502; x_wconf 85' lang='lat' dir='ltr'>Reeckius</span> <span class='ocrx_word' id='word_1_126' title='bbox 1075 1464 1104 1522; x_wconf 90' lang='lat' dir='ltr'>p.</span> <span class='ocrx_word' id='word_1_127' title='bbox 1116 1441 1154 1502; x_wconf 83' lang='lat'>15</span> <span class='ocrx_word' id='word_1_128' title='bbox 1166 1441 1225 1518; x_wconf 84' lang='lat' dir='ltr'>ss),</span> 
     </span>
     <span class='ocr_line' id='line_1_14' title="bbox 134 1527 1226 1609; baseline -0.001 -20"><span class='ocrx_word' id='word_1_129' title='bbox 134 1540 238 1590; x_wconf 86' lang='lat' dir='ltr'>tamen</span> <span class='ocrx_word' id='word_1_130' title='bbox 254 1530 402 1589; x_wconf 89' lang='lat' dir='ltr'>interdum</span> <span class='ocrx_word' id='word_1_131' title='bbox 419 1532 543 1589; x_wconf 87' lang='lat' dir='ltr'>Latinas</span> <span class='ocrx_word' id='word_1_132' title='bbox 560 1529 697 1609; x_wconf 82' lang='lat' dir='ltr'>praefert,</span> <span class='ocrx_word' id='word_1_133' title='bbox 716 1529 765 1588; x_wconf 88' lang='lat' dir='ltr'>vel</span> <span class='ocrx_word' id='word_1_134' title='bbox 782 1529 834 1588; x_wconf 92' lang='lat' dir='ltr'>ubi</span> <span class='ocrx_word' id='word_1_135' title='bbox 852 1527 935 1587; x_wconf 88' lang='lat' dir='ltr'>nulla</span> <span class='ocrx_word' id='word_1_136' title='bbox 956 1536 1085 1587; x_wconf 89' lang='lat' dir='ltr'>mutatae</span> <span class='ocrx_word' id='word_1_137' title='bbox 1102 1529 1226 1588; x_wconf 89' lang='lat' dir='ltr'>rationis</span> 
     </span>
     <span class='ocr_line' id='line_1_15' title="bbox 136 1613 1227 1693; baseline -0.002 -19"><span class='ocrx_word' id='word_1_138' title='bbox 136 1636 228 1674; x_wconf 91' lang='lat' dir='ltr'>causa</span> <span class='ocrx_word' id='word_1_139' title='bbox 246 1615 375 1693; x_wconf 87' lang='lat' dir='ltr'>adparet.</span> <span class='ocrx_word' id='word_1_140' title='bbox 400 1615 494 1675; x_wconf 87' lang='lat' dir='ltr'>veluti</span> <span class='ocrx_word' id='word_1_141' title='bbox 512 1616 626 1692; x_wconf 74' lang='lat' dir='ltr'>Cybeles</span> <span class='ocrx_word' id='word_1_142' title='bbox 641 1615 760 1691; x_wconf 73' lang='lat' dir='ltr'>Cybebes</span> <span class='ocrx_word' id='word_1_143' title='bbox 779 1614 855 1672; x_wconf 84' lang='lat' dir='ltr'>dixit</span> <span class='ocrx_word' id='word_1_144' title='bbox 873 1616 904 1671; x_wconf 91' lang='lat' dir='ltr'>in</span> <span class='ocrx_word' id='word_1_145' title='bbox 919 1634 942 1673; x_wconf 89' lang='lat' dir='ltr'>c.</span> <span class='ocrx_word' id='word_1_146' title='bbox 956 1613 1074 1686; x_wconf 89' lang='lat' dir='ltr'>LXIII,</span> <span class='ocrx_word' id='word_1_147' title='bbox 1092 1615 1227 1672; x_wconf 81' lang='lat' dir='ltr'>Arsinoes</span> 
     </span>
     <span class='ocr_line' id='line_1_16' title="bbox 136 1699 1226 1778; baseline -0.001 -19"><span class='ocrx_word' id='word_1_148' title='bbox 136 1705 171 1759; x_wconf 92' lang='lat' dir='ltr'>in</span> <span class='ocrx_word' id='word_1_149' title='bbox 188 1700 301 1774; x_wconf 85' lang='lat' dir='ltr'>LXVI,</span> <span class='ocrx_word' id='word_1_150' title='bbox 320 1699 371 1761; x_wconf 89' lang='lat' dir='ltr'>sed</span> <span class='ocrx_word' id='word_1_151' title='bbox 389 1700 467 1759; x_wconf 90' lang='lat' dir='ltr'>idem</span> <span class='ocrx_word' id='word_1_152' title='bbox 485 1701 611 1758; x_wconf 82' lang='lat' dir='ltr'>Helenae</span> <span class='ocrx_word' id='word_1_153' title='bbox 627 1702 660 1758; x_wconf 92' lang='lat' dir='ltr'>in</span> <span class='ocrx_word' id='word_1_154' title='bbox 673 1699 811 1759; x_wconf 92' lang='lat' dir='ltr'>LXVIII</span> <span class='ocrx_word' id='word_1_155' title='bbox 820 1700 869 1757; x_wconf 84' lang='grc'>87.</span> <span class='ocrx_word' id='word_1_156' title='bbox 888 1718 976 1778; x_wconf 91' lang='lat' dir='ltr'>quam</span> <span class='ocrx_word' id='word_1_157' title='bbox 995 1699 1132 1758; x_wconf 86' lang='lat' dir='ltr'>flexionis</span> <span class='ocrx_word' id='word_1_158' title='bbox 1149 1719 1226 1758; x_wconf 92' lang='lat' dir='ltr'>com·</span> 
     </span>
     <span class='ocr_line' id='line_1_17' title="bbox 136 1783 1227 1864; baseline -0.001 -20"><span class='ocrx_word' id='word_1_159' title='bbox 136 1788 331 1845; x_wconf 85' lang='lat' dir='ltr'>mutationem</span> <span class='ocrx_word' id='word_1_160' title='bbox 357 1785 517 1864; x_wconf 89' lang='lat' dir='ltr'>aliqnando</span> <span class='ocrx_word' id='word_1_161' title='bbox 543 1787 576 1843; x_wconf 92' lang='lat' dir='ltr'>in</span> <span class='ocrx_word' id='word_1_162' title='bbox 603 1784 706 1844; x_wconf 90' lang='lat' dir='ltr'>eodem</span> <span class='ocrx_word' id='word_1_163' title='bbox 732 1791 875 1863; x_wconf 89' lang='lat' dir='ltr'>poemate,</span> <span class='ocrx_word' id='word_1_164' title='bbox 903 1783 994 1843; x_wconf 92' lang='lat' dir='ltr'>semel</span> <span class='ocrx_word' id='word_1_165' title='bbox 1019 1792 1173 1862; x_wconf 87' lang='lat' dir='ltr'>praeterea</span> <span class='ocrx_word' id='word_1_166' title='bbox 1194 1786 1227 1843; x_wconf 90' lang='lat' dir='ltr'>in</span> 
     </span>
     <span class='ocr_line' id='line_1_18' title="bbox 137 1867 1224 1942; baseline -0.004 -12"><span class='ocrx_word' id='word_1_167' title='bbox 137 1871 242 1930; x_wconf 89' lang='lat' dir='ltr'>eodem</span> <span class='ocrx_word' id='word_1_168' title='bbox 264 1869 337 1930; x_wconf 90' lang='lat' dir='ltr'>adeo</span> <span class='ocrx_word' id='word_1_169' title='bbox 359 1873 480 1931; x_wconf 88' lang='lat' dir='ltr'>nomine</span> <span class='ocrx_word' id='word_1_170' title='bbox 501 1869 627 1929; x_wconf 91' lang='lat' dir='ltr'>admisit.</span> <span class='ocrx_word' id='word_1_171' title='bbox 667 1890 737 1928; x_wconf 90' lang='lat' dir='ltr'>nam</span> <span class='ocrx_word' id='word_1_172' title='bbox 759 1871 792 1927; x_wconf 91' lang='lat' dir='ltr'>in</span> <span class='ocrx_word' id='word_1_173' title='bbox 814 1889 838 1926; x_wconf 89' lang='lat' dir='ltr'>c.</span> <span class='ocrx_word' id='word_1_174' title='bbox 856 1867 969 1942; x_wconf 90' lang='lat' dir='ltr'>LXIV,</span> <span class='ocrx_word' id='word_1_175' title='bbox 987 1889 1016 1926; x_wconf 85' lang='lat' dir='ltr'>v.</span> <span class='ocrx_word' id='word_1_176' title='bbox 1035 1869 1096 1927; x_wconf 87' lang='grc'>336</span> <span class='ocrx_word' id='word_1_177' title='bbox 1116 1877 1146 1928; x_wconf 92' lang='lat' dir='ltr'>et</span> <span class='ocrx_word' id='word_1_178' title='bbox 1163 1869 1224 1927; x_wconf 89' lang='grc'>382</span> 
     </span>
     <span class='ocr_line' id='line_1_19' title="bbox 136 1955 1227 2033; baseline -0.002 -19"><span class='ocrx_word' id='word_1_179' title='bbox 136 1957 266 2014; x_wconf 89' lang='lat' dir='ltr'>variavit</span> <span class='ocrx_word' id='word_1_180' title='bbox 286 1959 364 2015; x_wconf 89' lang='lat' dir='ltr'>inter</span> <span class='ocrx_word' id='word_1_181' title='bbox 385 1955 502 2015; x_wconf 87' lang='lat' dir='ltr'>dativus</span> <span class='ocrx_word' id='word_1_182' title='bbox 523 1957 606 2012; x_wconf 86' lang='lat' dir='ltr'>Peleo</span> <span class='ocrx_word' id='word_1_183' title='bbox 628 1961 658 2013; x_wconf 90' lang='lat' dir='ltr'>ct</span> <span class='ocrx_word' id='word_1_184' title='bbox 679 1956 764 2024; x_wconf 87' lang='lat' dir='ltr'>Pelei,</span> <span class='ocrx_word' id='word_1_185' title='bbox 792 1973 858 2012; x_wconf 91' lang='lat' dir='ltr'>cum</span> <span class='ocrx_word' id='word_1_186' title='bbox 880 1973 933 2031; x_wconf 92' lang='lat' dir='ltr'>per</span> <span class='ocrx_word' id='word_1_187' title='bbox 954 1961 1080 2012; x_wconf 90' lang='lat' dir='ltr'>metrum</span> <span class='ocrx_word' id='word_1_188' title='bbox 1100 1963 1227 2033; x_wconf 92' lang='lat' dir='ltr'>utroque</span> 
     </span>
     <span class='ocr_line' id='line_1_20' title="bbox 137 2037 1224 2116; baseline -0.003 -16"><span class='ocrx_word' id='word_1_189' title='bbox 137 2040 203 2100; x_wconf 92' lang='lat' dir='ltr'>loco</span> <span class='ocrx_word' id='word_1_190' title='bbox 224 2040 348 2099; x_wconf 88' lang='lat' dir='ltr'>alteram</span> <span class='ocrx_word' id='word_1_191' title='bbox 369 2049 467 2100; x_wconf 87' lang='lat' dir='ltr'>utram</span> <span class='ocrx_word' id='word_1_192' title='bbox 488 2038 613 2098; x_wconf 83' lang='lat' dir='ltr'>formam</span> <span class='ocrx_word' id='word_1_193' title='bbox 634 2042 706 2116; x_wconf 92' lang='lat' dir='ltr'>poni</span> <span class='ocrx_word' id='word_1_194' title='bbox 728 2038 837 2097; x_wconf 90' lang='lat' dir='ltr'>liceret.</span> <span class='ocrx_word' id='word_1_195' title='bbox 873 2037 985 2096; x_wconf 84' lang='lat' dir='ltr'>Ibidem</span> <span class='ocrx_word' id='word_1_196' title='bbox 1007 2059 1034 2095; x_wconf 93' lang='lat' dir='ltr'>v.</span> <span class='ocrx_word' id='word_1_197' title='bbox 1055 2040 1094 2095; x_wconf 89' lang='grc'>21</span> <span class='ocrx_word' id='word_1_198' title='bbox 1114 2046 1144 2097; x_wconf 91' lang='lat' dir='ltr'>et</span> <span class='ocrx_word' id='word_1_199' title='bbox 1163 2039 1224 2097; x_wconf 85' lang='grc'>336</span> 
     </span>
     <span class='ocr_line' id='line_1_21' title="bbox 137 2121 1228 2196; baseline -0.004 -11"><span class='ocrx_word' id='word_1_200' title='bbox 137 2126 279 2185; x_wconf 90' lang='lat' dir='ltr'>Latinam</span> <span class='ocrx_word' id='word_1_201' title='bbox 296 2125 422 2185; x_wconf 90' lang='lat' dir='ltr'>formam</span> <span class='ocrx_word' id='word_1_202' title='bbox 441 2125 561 2196; x_wconf 70' lang='lat' dir='ltr'>Vicetidi,</span> <span class='ocrx_word' id='word_1_203' title='bbox 580 2144 609 2182; x_wconf 86' lang='lat' dir='ltr'>v.</span> <span class='ocrx_word' id='word_1_204' title='bbox 624 2123 685 2180; x_wconf 87' lang='grc'>247</span> <span class='ocrx_word' id='word_1_205' title='bbox 706 2121 850 2182; x_wconf 86' lang='lat' dir='ltr'>Graecam</span> <span class='ocrx_word' id='word_1_206' title='bbox 864 2123 987 2180; x_wconf 78' lang='lat' dir='ltr'>Minoidi</span> <span class='ocrx_word' id='word_1_207' title='bbox 1004 2121 1147 2182; x_wconf 90' lang='lat' dir='ltr'>adhibuit.</span> <span class='ocrx_word' id='word_1_208' title='bbox 1175 2122 1228 2183; x_wconf 85' lang='lat' dir='ltr'>sed</span> 
     </span>
     <span class='ocr_line' id='line_1_22' title="bbox 137 2206 1225 2290; baseline -0.003 -21"><span class='ocrx_word' id='word_1_209' title='bbox 137 2211 187 2270; x_wconf 93' lang='lat' dir='ltr'>hic</span> <span class='ocrx_word' id='word_1_210' title='bbox 200 2210 320 2290; x_wconf 91' lang='lat' dir='ltr'>quidem</span> <span class='ocrx_word' id='word_1_211' title='bbox 333 2213 420 2269; x_wconf 82' lang='lat' dir='ltr'>metri</span> <span class='ocrx_word' id='word_1_212' title='bbox 433 2211 600 2269; x_wconf 90' lang='lat' dir='ltr'>necessitati</span> <span class='ocrx_word' id='word_1_213' title='bbox 617 2211 724 2287; x_wconf 89' lang='lat' dir='ltr'>paruit.</span> <span class='ocrx_word' id='word_1_214' title='bbox 750 2207 938 2266; x_wconf 91' lang='lat' dir='ltr'>haecomnia</span> <span class='ocrx_word' id='word_1_215' title='bbox 955 2214 986 2266; x_wconf 92' lang='lat' dir='ltr'>et</span> <span class='ocrx_word' id='word_1_216' title='bbox 1002 2206 1062 2265; x_wconf 89' lang='lat' dir='ltr'>alia</span> <span class='ocrx_word' id='word_1_217' title='bbox 1079 2206 1225 2286; x_wconf 89' lang='lat' dir='ltr'>quaedam</span> 
     </span>
     <span class='ocr_line' id='line_1_23' title="bbox 138 2291 1226 2373; baseline -0.005 -18"><span class='ocrx_word' id='word_1_218' title='bbox 138 2296 255 2368; x_wconf 87' lang='lat' dir='ltr'>similia,</span> <span class='ocrx_word' id='word_1_219' title='bbox 275 2298 329 2353; x_wconf 90' lang='lat' dir='ltr'>etsi</span> <span class='ocrx_word' id='word_1_220' title='bbox 346 2294 465 2354; x_wconf 89' lang='lat' dir='ltr'>laudem</span> <span class='ocrx_word' id='word_1_221' title='bbox 487 2295 583 2373; x_wconf 90' lang='lat' dir='ltr'>poesis</span> <span class='ocrx_word' id='word_1_222' title='bbox 601 2293 789 2352; x_wconf 81' lang='lat' dir='ltr'>Oatulhanae</span> <span class='ocrx_word' id='word_1_223' title='bbox 810 2291 941 2370; x_wconf 84' lang='lat' dir='ltr'>profecto</span> <span class='ocrx_word' id='word_1_224' title='bbox 959 2312 1020 2351; x_wconf 91' lang='lat' dir='ltr'>non</span> <span class='ocrx_word' id='word_1_225' title='bbox 1037 2295 1226 2367; x_wconf 88' lang='lat' dir='ltr'>imminuunt,</span> 
     </span>
     <span class='ocr_line' id='line_1_24' title="bbox 136 2376 1225 2458; baseline -0.004 -18"><span class='ocrx_word' id='word_1_226' title='bbox 136 2387 238 2440; x_wconf 90' lang='lat' dir='ltr'>tamen</span> <span class='ocrx_word' id='word_1_227' title='bbox 257 2383 326 2439; x_wconf 92' lang='lat' dir='ltr'>artis</span> <span class='ocrx_word' id='word_1_228' title='bbox 345 2387 414 2438; x_wconf 91' lang='lat' dir='ltr'>sunt</span> <span class='ocrx_word' id='word_1_229' title='bbox 431 2379 562 2439; x_wconf 91' lang='lat' dir='ltr'>nondum</span> <span class='ocrx_word' id='word_1_230' title='bbox 584 2398 703 2458; x_wconf 89' lang='lat' dir='ltr'>prorsus</span> <span class='ocrx_word' id='word_1_231' title='bbox 721 2376 857 2438; x_wconf 88' lang='lat' dir='ltr'>excultae</span> <span class='ocrx_word' id='word_1_232' title='bbox 878 2376 996 2440; x_wconf 90' lang='lat' dir='ltr'>indicia.</span> <span class='ocrx_word' id='word_1_233' title='bbox 1037 2397 1225 2458; x_wconf 89' lang='lat' dir='ltr'>quamquam,</span> 
     </span>
     <span class='ocr_line' id='line_1_25' title="bbox 137 2463 1227 2546; baseline -0.002 -22"><span class='ocrx_word' id='word_1_234' title='bbox 137 2465 219 2546; x_wconf 90' lang='lat' dir='ltr'>quod</span> <span class='ocrx_word' id='word_1_235' title='bbox 241 2464 280 2524; x_wconf 90' lang='lat' dir='ltr'>ad</span> <span class='ocrx_word' id='word_1_236' title='bbox 302 2464 531 2524; x_wconf 87' lang='lat' dir='ltr'>declinationem</span> <span class='ocrx_word' id='word_1_237' title='bbox 553 2466 706 2524; x_wconf 88' lang='lat' dir='ltr'>nominum</span> <span class='ocrx_word' id='word_1_238' title='bbox 725 2463 905 2525; x_wconf 82' lang='lat' dir='ltr'>Graecorum</span> <span class='ocrx_word' id='word_1_239' title='bbox 923 2465 1037 2536; x_wconf 86' lang='lat' dir='ltr'>attinet,</span> <span class='ocrx_word' id='word_1_240' title='bbox 1059 2481 1163 2523; x_wconf 85' lang='lat' dir='ltr'>verum</span> <span class='ocrx_word' id='word_1_241' title='bbox 1181 2471 1227 2524; x_wconf 87' lang='lat' dir='ltr'>eat</span> 
     </span>
     <span class='ocr_line' id='line_1_26' title="bbox 137 2549 1228 2630; baseline -0.002 -20"><span class='ocrx_word' id='word_1_242' title='bbox 137 2571 176 2610; x_wconf 92' lang='lat' dir='ltr'>ne</span> <span class='ocrx_word' id='word_1_243' title='bbox 193 2551 366 2628; x_wconf 84' lang='lat' dir='ltr'>Augusteae</span> <span class='ocrx_word' id='word_1_244' title='bbox 388 2549 507 2630; x_wconf 87' lang='lat' dir='ltr'>quidem</span> <span class='ocrx_word' id='word_1_245' title='bbox 530 2553 633 2610; x_wconf 89' lang='lat' dir='ltr'>aetatis</span> <span class='ocrx_word' id='word_1_246' title='bbox 655 2557 757 2628; x_wconf 88' lang='lat' dir='ltr'>poetas</span> <span class='ocrx_word' id='word_1_247' title='bbox 774 2569 893 2627; x_wconf 87' lang='lat' dir='ltr'>prorsus</span> <span class='ocrx_word' id='word_1_248' title='bbox 911 2549 968 2608; x_wconf 92' lang='lat' dir='ltr'>sibi</span> <span class='ocrx_word' id='word_1_249' title='bbox 986 2551 1160 2608; x_wconf 88' lang='lat' dir='ltr'>constitisse.</span> <span class='ocrx_word' id='word_1_250' title='bbox 1196 2557 1228 2608; x_wconf 92' lang='lat' dir='ltr'>at</span> 
     </span>
     <span class='ocr_line' id='line_1_27' title="bbox 137 2636 1227 2714; baseline -0.003 -20"><span class='ocrx_word' id='word_1_251' title='bbox 137 2636 184 2694; x_wconf 91' lang='lat' dir='ltr'>his</span> <span class='ocrx_word' id='word_1_252' title='bbox 202 2637 326 2713; x_wconf 83' lang='lat' dir='ltr'>contigit</span> <span class='ocrx_word' id='word_1_253' title='bbox 343 2643 377 2694; x_wconf 90' lang='lat' dir='ltr'>ut</span> <span class='ocrx_word' id='word_1_254' title='bbox 395 2639 531 2695; x_wconf 89' lang='lat' dir='ltr'>certiores</span> <span class='ocrx_word' id='word_1_255' title='bbox 549 2636 623 2694; x_wconf 90' lang='lat' dir='ltr'>fines</span> <span class='ocrx_word' id='word_1_256' title='bbox 640 2637 838 2714; x_wconf 87' lang='lat' dir='ltr'>terminosque</span> <span class='ocrx_word' id='word_1_257' title='bbox 857 2638 1068 2694; x_wconf 88' lang='lat' dir='ltr'>constituerent</span> <span class='ocrx_word' id='word_1_258' title='bbox 1086 2637 1227 2693; x_wconf 88' lang='lat' dir='ltr'>orationis</span> 
     </span>
     <span class='ocr_line' id='line_1_28' title="bbox 138 2718 1227 2800; baseline -0.004 -20"><span class='ocrx_word' id='word_1_259' title='bbox 138 2724 270 2800; x_wconf 89' lang='lat' dir='ltr'>poeticae</span> <span class='ocrx_word' id='word_1_260' title='bbox 283 2730 372 2800; x_wconf 90' lang='lat' dir='ltr'>atque</span> <span class='ocrx_word' id='word_1_261' title='bbox 386 2739 451 2780; x_wconf 88' lang='lat' dir='ltr'>eam</span> <span class='ocrx_word' id='word_1_262' title='bbox 466 2720 695 2800; x_wconf 86' lang='lat' dir='ltr'>aequabiliorem</span> <span class='ocrx_word' id='word_1_263' title='bbox 708 2720 941 2800; x_wconf 87' lang='lat' dir='ltr'>limatioremque</span> <span class='ocrx_word' id='word_1_264' title='bbox 955 2719 1120 2778; x_wconf 89' lang='lat' dir='ltr'>redderent.</span> <span class='ocrx_word' id='word_1_265' title='bbox 1147 2718 1227 2798; x_wconf 91' lang='lat' dir='ltr'>quod</span> 
     </span>
     <span class='ocr_line' id='line_1_29' title="bbox 137 2803 1228 2884; baseline -0.004 -20"><span class='ocrx_word' id='word_1_266' title='bbox 137 2815 237 2865; x_wconf 90' lang='lat' dir='ltr'>tamen</span> <span class='ocrx_word' id='word_1_267' title='bbox 254 2809 297 2864; x_wconf 88' lang='lat' dir='ltr'>ita</span> <span class='ocrx_word' id='word_1_268' title='bbox 315 2812 383 2864; x_wconf 89' lang='lat' dir='ltr'>sunt</span> <span class='ocrx_word' id='word_1_269' title='bbox 401 2805 532 2865; x_wconf 87' lang='lat' dir='ltr'>adsecuti</span> <span class='ocrx_word' id='word_1_270' title='bbox 549 2813 582 2863; x_wconf 92' lang='lat' dir='ltr'>ut</span> <span class='ocrx_word' id='word_1_271' title='bbox 598 2825 659 2863; x_wconf 88' lang='lat' dir='ltr'>una</span> <span class='ocrx_word' id='word_1_272' title='bbox 674 2826 739 2864; x_wconf 89' lang='lat' dir='ltr'>cum</span> <span class='ocrx_word' id='word_1_273' title='bbox 753 2806 796 2863; x_wconf 89' lang='lat' dir='ltr'>eis</span> <span class='ocrx_word' id='word_1_274' title='bbox 810 2825 886 2884; x_wconf 90' lang='lat' dir='ltr'>qnae</span> <span class='ocrx_word' id='word_1_275' title='bbox 902 2804 1040 2881; x_wconf 88' lang='lat' dir='ltr'>vulgaria</span> <span class='ocrx_word' id='word_1_276' title='bbox 1055 2803 1228 2863; x_wconf 82' lang='lat' dir='ltr'>viderentur</span> 
     </span>
     <span class='ocr_line' id='line_1_30' title="bbox 138 2887 1228 2969; baseline -0.001 -20"><span class='ocrx_word' id='word_1_277' title='bbox 138 2894 171 2950; x_wconf 93' lang='lat' dir='ltr'>in</span> <span class='ocrx_word' id='word_1_278' title='bbox 192 2893 321 2969; x_wconf 88' lang='lat' dir='ltr'>priorum</span> <span class='ocrx_word' id='word_1_279' title='bbox 345 2909 479 2949; x_wconf 90' lang='lat' dir='ltr'>sermone</span> <span class='ocrx_word' id='word_1_280' title='bbox 502 2892 590 2950; x_wconf 90' lang='lat' dir='ltr'>etiam</span> <span class='ocrx_word' id='word_1_281' title='bbox 613 2894 746 2948; x_wconf 89' lang='lat' dir='ltr'>nativum</span> <span class='ocrx_word' id='word_1_282' title='bbox 768 2891 832 2948; x_wconf 90' lang='lat' dir='ltr'>eins</span> <span class='ocrx_word' id='word_1_283' title='bbox 848 2889 938 2948; x_wconf 89' lang='lat' dir='ltr'>robur</span> <span class='ocrx_word' id='word_1_284' title='bbox 955 2909 1022 2946; x_wconf 92' lang='lat' dir='ltr'>cum</span> <span class='ocrx_word' id='word_1_285' title='bbox 1040 2887 1228 2966; x_wconf 89' lang='lat' dir='ltr'>simplicitate</span> 
     </span>
     <span class='ocr_line' id='line_1_31' title="bbox 140 2973 1227 3052; baseline -0.003 -17"><span class='ocrx_word' id='word_1_286' title='bbox 140 2979 329 3035; x_wconf 91' lang='lat' dir='ltr'>coniunctum</span> <span class='ocrx_word' id='word_1_287' title='bbox 356 2973 545 3051; x_wconf 88' lang='lat' dir='ltr'>deponerent.</span> <span class='ocrx_word' id='word_1_288' title='bbox 589 2993 686 3052; x_wconf 90' lang='lat' dir='ltr'>neque</span> <span class='ocrx_word' id='word_1_289' title='bbox 711 2993 780 3033; x_wconf 89' lang='lat' dir='ltr'>vero</span> <span class='ocrx_word' id='word_1_290' title='bbox 812 2975 915 3049; x_wconf 84' lang='lat' dir='ltr'>negari</span> <span class='ocrx_word' id='word_1_291' title='bbox 936 2979 1033 3050; x_wconf 89' lang='lat' dir='ltr'>potest</span> <span class='ocrx_word' id='word_1_292' title='bbox 1058 2975 1150 3030; x_wconf 91' lang='lat' dir='ltr'>nimio</span> <span class='ocrx_word' id='word_1_293' title='bbox 1177 2991 1227 3032; x_wconf 88' lang='lat' dir='ltr'>eos</span> 
     </span>
     <span class='ocr_line' id='line_1_32' title="bbox 139 3055 1228 3138; baseline -0.004 -19"><span class='ocrx_word' id='word_1_294' title='bbox 139 3060 258 3119; x_wconf 85' lang='lat' dir='ltr'>fastidio</span> <span class='ocrx_word' id='word_1_295' title='bbox 276 3057 433 3138; x_wconf 92' lang='lat' dir='ltr'>popularia</span> <span class='ocrx_word' id='word_1_296' title='bbox 450 3080 468 3118; x_wconf 92' lang='lat' dir='ltr'>a</span> <span class='ocrx_word' id='word_1_297' title='bbox 484 3078 517 3118; x_wconf 90' lang='lat' dir='ltr'>se</span> <span class='ocrx_word' id='word_1_298' title='bbox 533 3059 726 3136; x_wconf 89' lang='lat' dir='ltr'>prohibuisse.</span> <span class='ocrx_word' id='word_1_299' title='bbox 768 3065 845 3116; x_wconf 89' lang='lat' dir='ltr'>certe</span> <span class='ocrx_word' id='word_1_300' title='bbox 862 3056 942 3135; x_wconf 92' lang='lat' dir='ltr'>quod</span> <span class='ocrx_word' id='word_1_301' title='bbox 958 3076 1014 3114; x_wconf 91' lang='lat' dir='ltr'>usu</span> <span class='ocrx_word' id='word_1_302' title='bbox 1032 3055 1228 3116; x_wconf 86' lang='lat' dir='ltr'>deminutivu-</span> 
     </span>
     <span class='ocr_line' id='line_1_33' title="bbox 138 3141 1228 3223; baseline -0.001 -21"><span class='ocrx_word' id='word_1_303' title='bbox 138 3166 213 3216; x_wconf 90' lang='lat' dir='ltr'>rum,</span> <span class='ocrx_word' id='word_1_304' title='bbox 232 3162 309 3223; x_wconf 89' lang='lat' dir='ltr'>quae</span> <span class='ocrx_word' id='word_1_305' title='bbox 323 3141 457 3203; x_wconf 80' lang='lat' dir='ltr'>Oatrrllus</span> <span class='ocrx_word' id='word_1_306' title='bbox 476 3165 495 3202; x_wconf 91' lang='lat' dir='ltr'>a</span> <span class='ocrx_word' id='word_1_307' title='bbox 511 3142 593 3202; x_wconf 90' lang='lat' dir='ltr'>nullo</span> <span class='ocrx_word' id='word_1_308' title='bbox 611 3161 720 3220; x_wconf 89' lang='lat' dir='ltr'>genere</span> <span class='ocrx_word' id='word_1_309' title='bbox 732 3145 895 3201; x_wconf 88' lang='lat' dir='ltr'>carminum</span> <span class='ocrx_word' id='word_1_310' title='bbox 913 3161 1031 3200; x_wconf 89' lang='lat' dir='ltr'>suorum</span> <span class='ocrx_word' id='word_1_311' title='bbox 1048 3141 1147 3200; x_wconf 86' lang='lat' dir='ltr'>aliena</span> <span class='ocrx_word' id='word_1_312' title='bbox 1164 3161 1228 3202; x_wconf 88' lang='lat' dir='ltr'>esse</span> 
     </span>
     <span class='ocr_line' id='line_1_34' title="bbox 138 3225 1226 3308; baseline -0.004 -19"><span class='ocrx_word' id='word_1_313' title='bbox 138 3229 242 3302; x_wconf 85' lang='lat' dir='ltr'>voluit,</span> <span class='ocrx_word' id='word_1_314' title='bbox 264 3228 439 3308; x_wconf 88' lang='lat' dir='ltr'>plerumque</span> <span class='ocrx_word' id='word_1_315' title='bbox 461 3228 675 3301; x_wconf 87' lang='lat' dir='ltr'>abstinuerunt,</span> <span class='ocrx_word' id='word_1_316' title='bbox 697 3226 729 3285; x_wconf 95' lang='lat' dir='ltr'>id</span> <span class='ocrx_word' id='word_1_317' title='bbox 750 3246 812 3286; x_wconf 90' lang='lat' dir='ltr'>non</span> <span class='ocrx_word' id='word_1_318' title='bbox 833 3229 896 3284; x_wconf 89' lang='lat' dir='ltr'>sine</span> <span class='ocrx_word' id='word_1_319' title='bbox 918 3225 1104 3284; x_wconf 88' lang='lat' dir='ltr'>incommodo</span> <span class='ocrx_word' id='word_1_320' title='bbox 1120 3229 1226 3305; x_wconf 89' lang='lat' dir='ltr'>poesis,</span> 
     </span>
     <span class='ocr_line' id='line_1_35' title="bbox 139 3307 1227 3393; baseline -0.003 -19"><span class='ocrx_word' id='word_1_321' title='bbox 139 3318 173 3374; x_wconf 92' lang='lat' dir='ltr'>in</span> <span class='ocrx_word' id='word_1_322' title='bbox 189 3317 292 3393; x_wconf 90' lang='lat' dir='ltr'>primis</span> <span class='ocrx_word' id='word_1_323' title='bbox 309 3312 430 3392; x_wconf 86' lang='lat' dir='ltr'>lyricae,</span> <span class='ocrx_word' id='word_1_324' title='bbox 449 3307 638 3374; x_wconf 57' lang='lat' dir='ltr'>factum&#39;esse</span> <span class='ocrx_word' id='word_1_325' title='bbox 651 3322 730 3372; x_wconf 87' lang='lat' dir='ltr'>recte</span> <span class='ocrx_word' id='word_1_326' title='bbox 742 3310 890 3371; x_wconf 87' lang='lat' dir='ltr'>iudicasse</span> <span class='ocrx_word' id='word_1_327' title='bbox 903 3311 976 3369; x_wconf 93' lang='lat' dir='ltr'>mihi</span> <span class='ocrx_word' id='word_1_328' title='bbox 990 3311 1107 3370; x_wconf 87' lang='lat' dir='ltr'>videtur</span> <span class='ocrx_word' id='word_1_329' title='bbox 1119 3311 1227 3371; x_wconf 91' lang='lat' dir='ltr'>Munro</span> 
     </span>
     <span class='ocr_line' id='line_1_36' title="bbox 140 3400 341 3478; baseline 0 -19"><span class='ocrx_word' id='word_1_330' title='bbox 140 3401 160 3460; x_wconf 94' lang='lat' dir='ltr'>l.</span> <span class='ocrx_word' id='word_1_331' title='bbox 180 3421 203 3459; x_wconf 91' lang='lat' dir='ltr'>c.</span> <span class='ocrx_word' id='word_1_332' title='bbox 222 3421 250 3478; x_wconf 88' lang='lat' dir='ltr'>p.</span> <span class='ocrx_word' id='word_1_333' title='bbox 270 3400 341 3459; x_wconf 81' lang='lat'>235.</span> 
     </span>
    </p>

    <p class='ocr_par' dir='ltr' id='par_1_4' title="bbox 139 3479 1232 4244">
     <span class='ocr_line' id='line_1_37' title="bbox 206 3479 1228 3557; baseline -0.004 -14"><span class='ocrx_word' id='word_1_334' title='bbox 206 3483 461 3557; x_wconf 81' lang='lat' dir='ltr'>Quemadmodum</span> <span class='ocrx_word' id='word_1_335' title='bbox 487 3485 520 3546; x_wconf 91' lang='lat' dir='ltr'>iu</span> <span class='ocrx_word' id='word_1_336' title='bbox 541 3501 684 3553; x_wconf 87' lang='lat' dir='ltr'>sermone,</span> <span class='ocrx_word' id='word_1_337' title='bbox 712 3485 755 3541; x_wconf 90' lang='lat' dir='ltr'>sic</span> <span class='ocrx_word' id='word_1_338' title='bbox 778 3483 866 3541; x_wconf 87' lang='lat' dir='ltr'>etiam</span> <span class='ocrx_word' id='word_1_339' title='bbox 887 3483 920 3541; x_wconf 93' lang='lat' dir='ltr'>in</span> <span class='ocrx_word' id='word_1_340' title='bbox 941 3485 1070 3542; x_wconf 89' lang='lat' dir='ltr'>numeris</span> <span class='ocrx_word' id='word_1_341' title='bbox 1093 3479 1228 3541; x_wconf 82' lang='lat' dir='ltr'>Catullus</span> 
     </span>
     <span class='ocr_line' id='line_1_38' title="bbox 139 3566 1229 3648; baseline -0.004 -19"><span class='ocrx_word' id='word_1_342' title='bbox 139 3569 256 3629; x_wconf 89' lang='lat' dir='ltr'>medius</span> <span class='ocrx_word' id='word_1_343' title='bbox 281 3577 325 3630; x_wconf 89' lang='lat' dir='ltr'>est</span> <span class='ocrx_word' id='word_1_344' title='bbox 350 3572 427 3628; x_wconf 87' lang='lat' dir='ltr'>inter</span> <span class='ocrx_word' id='word_1_345' title='bbox 453 3571 590 3648; x_wconf 87' lang='lat' dir='ltr'>antiquos</span> <span class='ocrx_word' id='word_1_346' title='bbox 616 3576 718 3646; x_wconf 87' lang='lat' dir='ltr'>poetas</span> <span class='ocrx_word' id='word_1_347' title='bbox 740 3575 769 3626; x_wconf 89' lang='lat' dir='ltr'>et</span> <span class='ocrx_word' id='word_1_348' title='bbox 795 3586 844 3626; x_wconf 88' lang='lat' dir='ltr'>cos</span> <span class='ocrx_word' id='word_1_349' title='bbox 870 3570 921 3647; x_wconf 90' lang='lat' dir='ltr'>qui</span> <span class='ocrx_word' id='word_1_350' title='bbox 942 3566 1071 3644; x_wconf 85' lang='lat' dir='ltr'>Augusti</span> <span class='ocrx_word' id='word_1_351' title='bbox 1096 3574 1229 3644; x_wconf 89' lang='lat' dir='ltr'>tempore</span> 
     </span>
     <span class='ocr_line' id='line_1_39' title="bbox 143 3651 1228 3732; baseline -0.004 -19"><span class='ocrx_word' id='word_1_352' title='bbox 143 3657 275 3724; x_wconf 89' lang='lat' dir='ltr'>floruere,</span> <span class='ocrx_word' id='word_1_353' title='bbox 299 3653 351 3714; x_wconf 90' lang='lat' dir='ltr'>sed</span> <span class='ocrx_word' id='word_1_354' title='bbox 371 3661 405 3712; x_wconf 91' lang='lat' dir='ltr'>ut</span> <span class='ocrx_word' id='word_1_355' title='bbox 426 3653 473 3713; x_wconf 93' lang='lat' dir='ltr'>his</span> <span class='ocrx_word' id='word_1_356' title='bbox 490 3661 590 3713; x_wconf 90' lang='lat' dir='ltr'>tamen</span> <span class='ocrx_word' id='word_1_357' title='bbox 613 3655 650 3712; x_wconf 92' lang='lat' dir='ltr'>sit</span> <span class='ocrx_word' id='word_1_358' title='bbox 673 3653 798 3732; x_wconf 90' lang='lat' dir='ltr'>propior.</span> <span class='ocrx_word' id='word_1_359' title='bbox 843 3651 902 3711; x_wconf 80' lang='lat' dir='ltr'>vid.</span> <span class='ocrx_word' id='word_1_360' title='bbox 922 3651 959 3711; x_wconf 96' lang='lat' dir='ltr'>de</span> <span class='ocrx_word' id='word_1_361' title='bbox 975 3671 1008 3712; x_wconf 90' lang='lat' dir='ltr'>re</span> <span class='ocrx_word' id='word_1_362' title='bbox 1025 3655 1147 3710; x_wconf 85' lang='lat' dir='ltr'>metrica</span> <span class='ocrx_word' id='word_1_363' title='bbox 1165 3654 1228 3709; x_wconf 88' lang='lat' dir='ltr'>eius</span> 
     </span>
     <span class='ocr_line' id='line_1_40' title="bbox 142 3734 1227 3815; baseline -0.003 -17"><span class='ocrx_word' id='word_1_364' title='bbox 142 3744 175 3798; x_wconf 93' lang='lat' dir='ltr'>in</span> <span class='ocrx_word' id='word_1_365' title='bbox 192 3744 364 3798; x_wconf 89' lang='lat' dir='ltr'>universum</span> <span class='ocrx_word' id='word_1_366' title='bbox 381 3739 531 3798; x_wconf 81' lang='lat' dir='ltr'>Lucienus</span> <span class='ocrx_word' id='word_1_367' title='bbox 548 3737 711 3798; x_wconf 86' lang='lat' dir='ltr'>Muellerus</span> <span class='ocrx_word' id='word_1_368' title='bbox 728 3740 761 3795; x_wconf 93' lang='lat' dir='ltr'>in</span> <span class='ocrx_word' id='word_1_369' title='bbox 778 3737 899 3815; x_wconf 89' lang='lat' dir='ltr'>praefat.</span> <span class='ocrx_word' id='word_1_370' title='bbox 915 3736 1053 3796; x_wconf 91' lang='lat' dir='ltr'>editionis</span> <span class='ocrx_word' id='word_1_371' title='bbox 1066 3758 1094 3815; x_wconf 86' lang='lat' dir='ltr'>p.</span> <span class='ocrx_word' id='word_1_372' title='bbox 1104 3734 1180 3795; x_wconf 89' lang='lat' dir='ltr'>LIX</span> <span class='ocrx_word' id='word_1_373' title='bbox 1190 3755 1227 3795; x_wconf 90' lang='lat' dir='ltr'>ss.</span> 
     </span>
     <span class='ocr_line' id='line_1_41' title="bbox 142 3820 1227 3903; baseline -0.006 -19"><span class='ocrx_word' id='word_1_374' title='bbox 142 3825 213 3888; x_wconf 78' lang='lat' dir='ltr'>et,I.</span> <span class='ocrx_word' id='word_1_375' title='bbox 240 3825 431 3884; x_wconf 88' lang='lat' dir='ltr'>Baumannus</span> <span class='ocrx_word' id='word_1_376' title='bbox 453 3828 485 3882; x_wconf 93' lang='lat' dir='ltr'>in</span> <span class='ocrx_word' id='word_1_377' title='bbox 507 3843 684 3903; x_wconf 82' lang='lat' dir='ltr'>programm.</span> <span class='ocrx_word' id='word_1_378' title='bbox 708 3821 961 3899; x_wconf 83' lang='lat' dir='ltr'>Laudisbergensi</span> <span class='ocrx_word' id='word_1_379' title='bbox 984 3842 1008 3880; x_wconf 92' lang='lat' dir='ltr'>a</span> <span class='ocrx_word' id='word_1_380' title='bbox 1034 3823 1114 3879; x_wconf 88' lang='grc'>1881</span> <span class='ocrx_word' id='word_1_381' title='bbox 1139 3820 1227 3892; x_wconf 90' lang='lat' dir='ltr'>edito,</span> 
     </span>
     <span class='ocr_line' id='line_1_42' title="bbox 145 3903 1228 3987; baseline -0.004 -19"><span class='ocrx_word' id='word_1_382' title='bbox 145 3912 226 3969; x_wconf 91' lang='lat' dir='ltr'>cuius</span> <span class='ocrx_word' id='word_1_383' title='bbox 248 3912 309 3967; x_wconf 91' lang='lat' dir='ltr'>iam</span> <span class='ocrx_word' id='word_1_384' title='bbox 331 3929 420 3987; x_wconf 90' lang='lat' dir='ltr'>supra</span> <span class='ocrx_word' id='word_1_385' title='bbox 437 3911 617 3969; x_wconf 90' lang='lat' dir='ltr'>mentionem</span> <span class='ocrx_word' id='word_1_386' title='bbox 639 3907 771 3966; x_wconf 87' lang='lat' dir='ltr'>fecimus.</span> <span class='ocrx_word' id='word_1_387' title='bbox 806 3916 894 3986; x_wconf 89' lang='lat' dir='ltr'>atque</span> <span class='ocrx_word' id='word_1_388' title='bbox 920 3926 981 3965; x_wconf 92' lang='lat' dir='ltr'>non</span> <span class='ocrx_word' id='word_1_389' title='bbox 1003 3904 1086 3964; x_wconf 91' lang='lat' dir='ltr'>nulla</span> <span class='ocrx_word' id='word_1_390' title='bbox 1110 3903 1228 3984; x_wconf 88' lang='lat' dir='ltr'>quidem</span> 
     </span>
     <span class='ocr_line' id='line_1_43' title="bbox 144 3989 1230 4074; baseline -0.004 -22"><span class='ocrx_word' id='word_1_391' title='bbox 144 4012 280 4053; x_wconf 90' lang='lat' dir='ltr'>versuum</span> <span class='ocrx_word' id='word_1_392' title='bbox 298 4013 408 4072; x_wconf 85' lang='lat' dir='ltr'>genera</span> <span class='ocrx_word' id='word_1_393' title='bbox 425 4002 530 4074; x_wconf 89' lang='lat' dir='ltr'>poetae</span> <span class='ocrx_word' id='word_1_394' title='bbox 543 3993 721 4054; x_wconf 87' lang='lat' dir='ltr'>Veronensis</span> <span class='ocrx_word' id='word_1_395' title='bbox 735 3998 818 4049; x_wconf 88' lang='lat' dir='ltr'>tanta</span> <span class='ocrx_word' id='word_1_396' title='bbox 831 4011 898 4050; x_wconf 90' lang='lat' dir='ltr'>cum</span> <span class='ocrx_word' id='word_1_397' title='bbox 913 4011 983 4050; x_wconf 89' lang='lat' dir='ltr'>cura</span> <span class='ocrx_word' id='word_1_398' title='bbox 999 3998 1068 4048; x_wconf 91' lang='lat' dir='ltr'>sunt</span> <span class='ocrx_word' id='word_1_399' title='bbox 1084 3989 1230 4068; x_wconf 88' lang='lat' dir='ltr'>perpolita</span> 
     </span>
     <span class='ocr_line' id='line_1_44' title="bbox 144 4075 1231 4159; baseline -0.005 -20"><span class='ocrx_word' id='word_1_400' title='bbox 144 4085 177 4139; x_wconf 88' lang='lat' dir='ltr'>ut</span> <span class='ocrx_word' id='word_1_401' title='bbox 202 4081 255 4137; x_wconf 87' lang='lat' dir='ltr'>vix</span> <span class='ocrx_word' id='word_1_402' title='bbox 277 4081 436 4159; x_wconf 90' lang='lat' dir='ltr'>quicquam</span> <span class='ocrx_word' id='word_1_403' title='bbox 458 4081 500 4139; x_wconf 90' lang='lat' dir='ltr'>eis</span> <span class='ocrx_word' id='word_1_404' title='bbox 523 4077 563 4138; x_wconf 88' lang='lat' dir='ltr'>ad</span> <span class='ocrx_word' id='word_1_405' title='bbox 586 4076 798 4157; x_wconf 87' lang='lat' dir='ltr'>perfectionem</span> <span class='ocrx_word' id='word_1_406' title='bbox 824 4075 907 4136; x_wconf 89' lang='lat' dir='ltr'>desit.</span> <span class='ocrx_word' id='word_1_407' title='bbox 942 4076 1068 4134; x_wconf 87' lang='lat' dir='ltr'>veniunt</span> <span class='ocrx_word' id='word_1_408' title='bbox 1092 4077 1124 4134; x_wconf 92' lang='lat' dir='ltr'>in</span> <span class='ocrx_word' id='word_1_409' title='bbox 1150 4075 1231 4134; x_wconf 92' lang='lat' dir='ltr'>hunc</span> 
     </span>
     <span class='ocr_line' id='line_1_45' title="bbox 144 4160 1232 4244; baseline -0.005 -21"><span class='ocrx_word' id='word_1_410' title='bbox 144 4182 297 4224; x_wconf 86' lang='lat' dir='ltr'>numerum</span> <span class='ocrx_word' id='word_1_411' title='bbox 314 4166 347 4223; x_wconf 91' lang='lat' dir='ltr'>in</span> <span class='ocrx_word' id='word_1_412' title='bbox 362 4164 465 4244; x_wconf 90' lang='lat' dir='ltr'>primis</span> <span class='ocrx_word' id='word_1_413' title='bbox 482 4161 575 4223; x_wconf 89' lang='lat' dir='ltr'>iambi</span> <span class='ocrx_word' id='word_1_414' title='bbox 596 4171 626 4222; x_wconf 92' lang='lat' dir='ltr'>et</span> <span class='ocrx_word' id='word_1_415' title='bbox 647 4162 794 4240; x_wconf 88' lang='lat' dir='ltr'>glyconei,</span> <span class='ocrx_word' id='word_1_416' title='bbox 815 4163 841 4220; x_wconf 90' lang='lat' dir='ltr'>si</span> <span class='ocrx_word' id='word_1_417' title='bbox 858 4182 876 4220; x_wconf 91' lang='lat' dir='ltr'>a</span> <span class='ocrx_word' id='word_1_418' title='bbox 894 4161 1031 4220; x_wconf 88' lang='lat' dir='ltr'>carminis</span> <span class='ocrx_word' id='word_1_419' title='bbox 1048 4160 1124 4219; x_wconf 92' lang='lat' dir='ltr'>LXI</span> <span class='ocrx_word' id='word_1_420' title='bbox 1140 4179 1232 4220; x_wconf 86' lang='lat' dir='ltr'>versu</span> 
     </span>
    </p>
   </div>
   <div class='ocr_carea' id='block_1_4' title="bbox 0 0 1500 4990">
    <p class='ocr_par' dir='ltr' id='par_1_5' title="bbox 0 0 1500 4990">
     <span class='ocr_line' id='line_1_46' title="bbox 0 0 1500 4990; baseline 0 0"><span class='ocrx_word' id='word_1_421' title='bbox 0 0 1500 4990; x_wconf 95' lang='lat' dir='ltr'> </span> 
     </span>
    </p>
   </div>
  </div>
 </body>
</html>
