2976 5004
779 376 948 436 CATULLI

564 522 606 589 at,
624 507 746 581 marite,
763 503 807 567 ita
825 523 876 566 me
893 501 1004 564 iuvent

628 601 765 675 caelites,
783 594 880 661 nihilo
898 593 1002 658 minus

630 695 740 782 pulcer
756 713 801 768 es,
819 709 922 770 neque
939 697 970 752 te
988 687 1100 751 Venus

566 788 717 876 neglegit.
761 783 817 850 sed
834 781 902 847 abit
918 780 1000 844 dies:

629 902 738 968 pergo,
755 899 796 943 ne
813 893 984 940 remorare.

567 1077 633 1119 non
650 1051 706 1116 diu
723 1054 899 1114 remoratus
916 1047 962 1118 es3

629 1146 693 1210 ium
710 1141 811 1206 venis.
853 1139 987 1202 bonate
1004 1135 1116 1199 Venus

633 1237 756 1310 iuverit,
774 1230 925 1316 quonism
942 1229 1047 1313 palam

569 1333 656 1418 quod
674 1329 764 1414 cupis
782 1326 871 1410 cupis
890 1336 922 1389 et
940 1322 1058 1385 bonum

636 1447 700 1490 non
719 1419 885 1498 abscondis
903 1435 1052 1480 amorem.

573 1597 627 1662 ille
644 1591 783 1680 pulveris
801 1587 905 1652 Africi

638 1688 839 1766 siderumque
859 1677 1041 1743 micantium

639 1780 797 1847 subducat
814 1795 981 1839 numerum
998 1769 1098 1855 prius,

576 1877 631 1963 qui
648 1873 746 1940 vostri
762 1889 929 1935 numerare
947 1864 1013 1930 volt

642 1969 742 2034 mults
758 1964 846 2030 milia
862 1960 939 2042 ludi.

576 2142 676 2208 ludite
693 2148 730 2202 ut
745 2135 843 2210 lubet,
865 2142 897 2197 et
913 2127 1003 2194 brevi

642 2233 757 2298 liberos
776 2227 859 2291 date.
894 2245 959 2288 non
976 2221 1067 2286 decet

641 2337 707 2390 tam
724 2332 816 2387 vetus
834 2319 901 2383 sine
918 2315 1026 2382 liberis

579 2443 696 2486 nomen
713 2439 792 2492 esse,
811 2413 867 2480 sed
884 2410 1024 2476 indidem

644 2533 768 2598 semper
785 2505 974 2594 ingenerari.

582 2687 764 2766 Torquatus
782 2680 854 2743 volo
871 2673 1022 2762 pardulus

647 2776 755 2841 matris
771 2797 790 2837 e
809 2770 928 2856 gremio
946 2788 1022 2832 suae

648 2870 811 2956 porrigens
829 2878 952 2928 teneras
970 2881 1082 2924 manus

587 2966 679 3031 dulce
697 2963 798 3026 rideat
815 2959 856 3023 od
873 2964 994 3042 petrem

651 3054 836 3123 semihiante
852 3049 977 3116 labello.

588 3229 629 3296 sit
646 3248 704 3292 suo
723 3223 832 3290 similis
849 3219 932 3307 patri

651 3318 774 3386 Manlio
793 3326 823 3381 et
841 3313 936 3379 facile
951 3309 1058 3376 insciis

651 3412 823 3479 noscitetur
840 3408 882 3473 ab
899 3404 1045 3470 omnibus

591 3520 623 3575 et
640 3505 825 3594 pudicitiam
844 3523 920 3566 suae

654 3600 763 3665 matris
780 3597 898 3662 indicet
913 3615 978 3658 ore.

591 3771 662 3837 telis
680 3769 764 3835 illius
782 3792 802 3834 c
818 3768 903 3832 bons

654 3877 755 3931 matre
772 3863 841 3928 laus
858 3881 962 3946 genus
979 3855 1143 3943 adprobet,

657 3960 759 4046 qualis
777 3957 871 4021 unica
889 3955 930 4020 ab
947 3951 1068 4038 optimc
1105 4001 1107 4008 ,

593 4067 693 4121 matre
711 4049 902 4118 Telemacho
920 4056 1029 4111 monet

655 4148 741 4212 fama
757 4143 950 4228 Penelopeo.
