2954 4990
270 392 364 435 LXXVI
703 389 931 435 Pnomuoma

271 512 342 570 vitis
368 530 387 569 a
407 509 517 570 Lesbia
542 511 656 590 poetria
676 509 736 570 dici
761 531 823 571 non
847 512 943 590 potuit
964 529 1126 591 numquam
1148 513 1248 572 mitem
1270 531 1377 572 uvam

273 595 399 656 educare
424 605 476 654 aut
500 595 590 655 nullis
617 596 755 673 agricolis
781 603 810 658 et
835 597 969 658 iuvencis
992 595 1057 656 coli.
1093 603 1125 655 at
1146 595 1265 657 Catullo
1288 596 1378 658 haec

273 683 454 741 conveniunt
470 681 594 741 Italicae
610 684 717 740 vitium
736 680 867 740 culturae
884 682 1015 740 memori.
1049 701 1137 760 porro
1150 681 1225 740 illud
1244 702 1377 762 quoquo

271 766 427 845 probabile
445 773 489 824 est
505 784 631 826 novasse
645 765 796 826 Catullum
813 765 894 846 quod
906 785 934 824 v.
950 767 991 825 34
1001 785 1022 825 a
1041 764 1079 826 de
1091 766 1227 846 Hespero
1244 767 1375 828 eodem·

273 871 331 932 quo
348 851 413 910 Eoo
430 850 564 927 legimus.
599 853 655 910 etsi
678 853 757 910 enim
779 849 999 930 disceptabatur
1016 871 1035 910 a
1051 852 1201 911 veteribus
1218 853 1287 930 quis
1305 856 1375 931 pri-

272 957 338 996 mus
356 935 613 996 animadvertisset
634 935 794 996 dixissetve
811 937 978 1015 Hesperum
1000 944 1029 995 et
1044 935 1217 996 Luciferum
1234 937 1373 997 eundern

274 1040 346 1094 esse,
364 1040 451 1080 nemo
469 1029 569 1079 tamen
585 1038 682 1100 neque
699 1019 820 1100 Sappho
837 1039 935 1100 neque
948 1039 1125 1101 quemquam
1142 1021 1199 1080 hac
1216 1023 1374 1102 antiquio·

272 1126 335 1166 rem
358 1107 421 1165 eius
442 1108 486 1165 rei
508 1113 656 1165 auctorem
677 1105 820 1178 laudavit,
847 1105 900 1166 sed
920 1113 972 1164 aut
993 1106 1197 1185 Pythagoram
1216 1114 1269 1167 aut
1290 1108 1372 1166 Par-

273 1190 421 1251 menidem
452 1198 503 1250 aut
533 1189 660 1269 Ibycum
688 1193 845 1250 nominant
870 1188 910 1265 (v.
938 1189 1019 1250 Stob.
1046 1191 1155 1250 anthol.
1182 1191 1208 1264 Ι,
1240 1212 1269 1270 p.
1301 1195 1371 1251 207

272 1277 424 1338 Wachsm.
442 1276 531 1352 Diog.
549 1275 648 1336 Laert.
665 1275 746 1336 VIII
765 1280 781 1332 1
799 1277 848 1334 14.
866 1275 946 1334 IX3
964 1276 1012 1334 23.
1030 1275 1114 1354 Ibyc.
1131 1275 1168 1336 fr.
1182 1277 1233 1334 42.
1248 1278 1290 1334 43
1305 1275 1370 1351 B.).

273 1382 460 1442 quamquam,
479 1363 504 1420 si
523 1362 588 1440 quis
606 1379 674 1420 cum
686 1360 914 1420 Wilamowitaio
928 1360 1030 1420 Herm.
1044 1360 1164 1434 XVIII,
1178 1380 1207 1439 p.
1216 1361 1279 1420 417
1298 1365 1371 1423 veri

274 1447 399 1507 similius
422 1445 512 1504 ducat
533 1445 654 1524 Sappho
677 1447 710 1504 in
730 1446 786 1504 hac
811 1447 1070 1522 grammaticorum
1091 1448 1265 1525 quaestione
1292 1467 1369 1506 casu

273 1535 411 1592 omissam
429 1550 499 1604 esse,
518 1551 580 1589 non
593 1530 681 1589 facile
694 1533 801 1608 poterit
814 1529 961 1606 redargui
988 1533 1078 1589 etlam
1090 1532 1123 1590 in
1137 1551 1161 1590 c.
1176 1530 1262 1605 LXI,
1281 1532 1371 1611 quod

275 1617 314 1676 ad
322 1617 430 1676 Manlii
438 1617 584 1694 Torquati
594 1635 661 1673 cum
669 1615 761 1674 Vinia
769 1615 973 1675 Aurunculeio
982 1617 1102 1694 nuptias
1114 1617 1250 1694 pertinet,
1260 1620 1370 1676 nescio

274 1723 313 1762 an
331 1709 419 1780 poeta
436 1698 569 1778 singulas
587 1699 730 1779 quasdam
748 1701 908 1760 sententias
925 1720 963 1760 ex
980 1700 1107 1760 Lesbiae
1124 1702 1201 1759 vatis
1218 1701 1370 1780 epithala-

273 1789 341 1846 miis
363 1786 501 1844 hauserit.
537 1784 617 1862 quod
637 1794 671 1844 ut
693 1784 811 1844 credam
831 1786 864 1844 in
881 1787 985 1864 primis
1002 1805 1063 1844 non
1079 1785 1155 1844 nulli
1171 1786 1231 1845 loci
1246 1785 1370 1846 faciunt

273 1873 403 1931 Himerii
421 1869 568 1949 sophistae
590 1871 622 1928 in
644 1869 857 1930 declamatione
879 1872 983 1949 prima.
1019 1889 1096 1949 quae
1112 1877 1213 1930 tamen
1229 1890 1275 1931 res
1295 1892 1369 1932 oum

273 1958 439 2033 longiorem
474 1953 704 2033 disputationem
738 1957 876 2034 requirat,
912 1955 1002 2014 verbo
1034 1957 1231 2035 suspicionem
1264 1976 1368 2018 meam

274 2042 456 2120 significasse
469 2043 540 2100 satis
553 2039 656 2100 habeo.
683 2059 780 2120 neque
794 2043 827 2100 in
842 2040 908 2099 aliis
918 2039 1030 2100 Catulli
1043 2042 1223 2101 carminibus
1236 2040 1367 2120 Sapphi-

274 2148 326 2188 cao
343 2128 517 2185 imitationis
533 2127 660 2202 vestigia
677 2125 816 2184 videntur
833 2124 941 2184 deesse.
977 2127 1020 2184 sic
1036 2145 1103 2184 cnm
1121 2146 1145 2184 c.
1161 2125 1301 2186 LXVIII
1320 2129 1367 2187 18

273 2224 303 2274 et
327 2212 432 2272 LXIV
454 2211 493 2269 95
521 2218 589 2289 apte
615 2218 833 2290 conposuerunt
862 2212 1035 2290 interpretes
1067 2210 1143 2269 illud
1167 2206 1366 2288 γλυκύπικρον

274 2290 398 2375 daueros
413 2293 535 2375 (Sapph.
546 2296 581 2355 fr.
593 2297 642 2354 40.
653 2295 729 2355 conf.
742 2293 825 2369 125).
852 2297 1016 2355 sententiae
1033 2298 1065 2354 iu
1080 2296 1210 2355 carmine
1218 2296 1365 2356 LXXIII
1465 2341 1466 2366 p

274 2391 404 2443 extremo
423 2382 519 2440 elatae
536 2400 645 2456 magna
659 2388 703 2440 cst
720 2379 882 2439 similitudo
897 2400 963 2439 cum
977 2380 1113 2459 Sapphus
1127 2381 1226 2440 verbis
1244 2373 1367 2449 ὅττινας

274 2460 331 2545 γὰρ
354 2458 396 2524 Εὖ
419 2461 488 2534 θέω,
518 2461 603 2541 sisoi
623 2485 658 2539 με
684 2459 812 2539 μάλιστα
839 2460 996 2523 σίννονΤαι
1018 2462 1065 2541 (fr.
1086 2464 1147 2543 12),
1179 2485 1256 2546 quae
1280 2487 1366 2526 nunc

275 2550 536 2611 animadvertimus
559 2552 619 2607 iam
641 2549 678 2608 ab
696 2549 802 2608 Ellisio
821 2548 934 2610 adscita
955 2569 1026 2611 esse.
1062 2549 1193 2612 indidem
1210 2551 1365 2631 peculiare

274 2634 424 2716 quoddam
454 2635 672 2712 conparationis
701 2654 795 2710 genus
826 2634 922 2694 videri
952 2637 1044 2715 possit
1068 2635 1262 2714 repetendum
1287 2655 1363 2696 esse.

274 2718 522 2802 quemadmodum
545 2720 624 2778 enim
647 2719 767 2798 Sappho
790 2719 867 2779 dixit
889 2712 999 2796 ἄνόρος
1019 2714 1135 2798 μεγάλω
1160 2715 1235 2778 πόλιν
1258 2716 1364 2796 parler

275 2806 323 2881 (fr.
347 2802 401 2879 91)
428 2812 458 2864 et
482 2797 576 2881 χρύσω
602 2800 760 2880 χρυσοτέρα
785 2804 833 2880 (fr.
858 2803 1031 2881 122123),
1058 2807 1101 2864 sic
1126 2805 1203 2864 dixit
1224 2805 1364 2866 Catullus

274 2896 409 2952 saviolum
427 2892 503 2948 dulci
523 2891 632 2948 dolans
654 2891 794 2948 ambrosio
811 2886 932 2964 (XCIX
950 2887 981 2964 2)
1000 2897 1030 2949 et
1046 2890 1078 2949 id
1095 2909 1190 2967 genus
1207 2891 1275 2949 alia
1310 2911 1362 2951 ve·

273 2999 340 3036 rum
362 2978 436 3036 haec
457 2974 536 3034 infra
558 2974 712 3053 adparebit
739 2976 860 3054 propius
883 2977 972 3034 etiam
994 2974 1163 3035 admoram
1185 2975 1362 3036 Plautinum

275 3062 423 3122 accedere.
466 3068 583 3140 praeter
609 3060 730 3138 Sappho
756 3059 793 3120 de
819 3060 1033 3138 antiquioribus
1059 3060 1240 3120 Graecorum
1264 3065 1363 3139 poetis

274 3149 376 3227 lyricis
390 3149 478 3206 etism
491 3146 710 3205 Anacreontem
722 3146 857 3225 exemplo
872 3144 962 3205 brisso
976 3144 1093 3205 Catullo
1107 3146 1244 3226 strophae
1256 3149 1362 3206 carmi·

274 3253 347 3293 num
369 3231 511 3291 XXXIV
532 3239 562 3290 et
577 3230 653 3290 LXI
670 3230 808 3291 videntur
833 3230 957 3309 probare
983 3249 1020 3290 ex
1047 3231 1180 3290 versibus
1206 3230 1363 3310 glyconeis

276 3319 452 3394 conpositae.
485 3323 514 3375 et
525 3317 558 3374 in
571 3318 668 3394 priore
681 3314 801 3396 quidem
815 3318 944 3375 carmine
958 3318 1093 3395 quaterni
1106 3335 1216 3390 versus,
1235 3335 1360 3396 quorum

276 3407 424 3461 extremus
451 3407 495 3459 est
520 3400 716 3474 catalecticus,
742 3420 795 3480 per
821 3401 997 3480 synaphiam
1023 3403 1094 3462 nexi
1116 3409 1192 3473 sunt,
1221 3410 1254 3460 ut
1277 3402 1363 3479 apud

274 3486 494 3548 Anacreontem
515 3484 550 3542 fr.
569 3487 597 3542 4.
617 3487 644 3543 6.
663 3487 691 3544 8.
711 3486 803 3544 1413.
826 3488 859 3544 in
881 3486 972 3546 altero
994 3494 1093 3546 autem
1119 3488 1248 3546 carmine
1275 3489 1360 3566 quini

273 3590 386 3643 versus,
404 3588 529 3648 quorum
545 3571 666 3649 quintus
679 3577 724 3630 est
736 3569 931 3644 catalecticus,
949 3573 982 3630 in
999 3571 1133 3651 strophas
1151 3573 1193 3630 ita
1210 3574 1362 3632 coniuncti

275 3663 345 3717 sunt
366 3662 400 3714 ut
420 3672 616 3734 unaquaeque
637 3655 757 3734 stropha
774 3654 886 3734 duplici
903 3664 1062 3734 systemate
1083 3660 1171 3715 trium
1188 3663 1218 3717 et
1235 3657 1360 3717 duorum

274 3761 414 3802 versuum
440 3747 561 3799 constet
604 3759 675 3798 nam
704 3742 782 3800 inter
811 3744 929 3800 tertium
959 3749 989 3801 et
1015 3751 1150 3821 quartum
1181 3742 1359 3821 glyconeum

275 3826 421 3906 synaphia
442 3826 559 3903 saepius
580 3826 744 3904 interrupta
765 3834 809 3885 est
830 3825 966 3886 admissIs
988 3826 1071 3886 hiatu
1089 3827 1263 3907 syllabaque
1281 3831 1361 3888 anci-

274 3915 337 3991 piti.
373 3912 405 3970 id
426 3917 610 3990 perspectum
628 3908 756 3969 habebat
772 3910 989 3984 Lachmannus,
1015 3933 1082 3971 cum
1099 3911 1211 3972 Catulli
1228 3916 1362 3974 carmina

275 3997 375 4056 ederet
392 3993 481 4072 (conf.
496 3997 561 4055 eius
579 4015 677 4075 opusc.
691 3996 725 4055 Π
739 3993 801 4072 88),
819 4015 917 4078 neque
932 3997 1084 4076 Hauptius
1100 4018 1161 4058 non
1178 3997 1218 4056 ad
1235 3998 1360 4059 eandem

276 4085 451 4141 sententiam
474 4082 544 4140 olim
566 4081 711 4141 abiectam
736 4089 839 4159 postea
860 4081 949 4141 rediit
970 4080 1058 4156 (conf.
1076 4102 1175 4161 opusc.
1193 4084 1210 4143 I
1229 4085 1268 4142 19
1292 4104 1359 4144 cum

274 4163 406 4226 adnotat.
425 4164 566 4244 editoris).
594 4186 649 4227 nec
667 4185 778 4226 errasse
794 4175 932 4246 putamus
945 4166 1179 4244 Lachmannum,
1198 4189 1264 4228 cum
1282 4169 1362 4230 hanc
