2976 5004
577 341 693 395 LIBER

116 465 215 551 fagos
232 484 270 529 ac
288 474 373 528 recto
392 485 538 550 proceras
557 463 663 548 stipite
680 464 799 539 laurus,

117 580 187 623 non
206 557 273 622 sine
291 558 415 622 nutanti
433 559 561 643 platano
578 558 727 641 lentaque
744 579 851 621 sorore

118 651 276 716 flammati
293 651 502 716 Phaethontis
520 660 553 717 et
570 652 656 716 aeria
673 669 835 736 cupressu.

119 745 203 810 haec
220 745 339 810 circum
358 745 449 810 sedes
467 745 531 810 late
548 755 697 809 contexta
713 744 840 819 locavit,

120 838 317 904 vestibulum
335 849 371 903 ut
387 839 475 904 molli
491 840 632 904 velatum
650 839 761 904 fronde
780 838 906 903 vireret.

120 933 299 1017 posthunc
317 932 522 1017 consequitur
538 933 658 997 sollerti
676 932 770 997 corde
786 930 1008 1009 Prometheus,

121 1036 296 1091 extenuata
312 1048 425 1112 gerens
444 1025 558 1091 veteris
576 1026 711 1111 vestigia
733 1047 863 1110 poenae,

122 1141 222 1202 quam
241 1119 401 1202 quondam
419 1119 499 1185 silici
516 1119 678 1184 restrictus
696 1119 839 1184 membra
856 1129 969 1183 catena

122 1212 277 1298 persolvit
293 1213 434 1298 pendens
453 1236 470 1277 e
488 1212 659 1278 verticibus
677 1212 864 1298 praeruptis.

123 1306 200 1372 inde
217 1317 307 1392 pater
325 1307 434 1371 divum
452 1316 562 1371 sancta
580 1329 652 1371 cum
671 1306 806 1392 coniuge
823 1305 970 1389 natisque
1002 1313 1006 1318 ’

124 1400 256 1465 advenit
272 1401 369 1476 caelo,
387 1400 548 1476 toaclam,
566 1400 708 1476 Phoebe,
726 1400 908 1482 relinquens

124 1493 362 1578 unigenamque
379 1493 473 1558 simul
491 1493 654 1559 cultricem
672 1493 832 1557 montibus
850 1491 935 1557 Idri:

124 1587 226 1652 Pelea
242 1609 316 1652 narn
334 1598 439 1652 tecum
456 1587 575 1672 pariter
591 1609 680 1651 soror
697 1587 919 1671 adspernatast

124 1703 186 1745 nec
204 1680 347 1746 Thetidis
365 1682 474 1746 taedas
493 1681 593 1745 voluit
611 1681 770 1745 celebrare
787 1680 913 1764 iugalis.

125 1774 182 1856 qui
198 1785 366 1859 postquam
383 1774 483 1838 niveis
500 1774 655 1839 flexerunt
673 1772 801 1836 sedibus
819 1784 916 1847 artus,

126 1867 215 1952 large
232 1867 399 1952 multiplici
416 1877 614 1931 constructae
633 1877 706 1931 sunt
724 1866 805 1951 dape
822 1887 962 1942 mensae,

127 1983 201 2025 cum
218 1960 337 2026 interea
352 1960 478 2024 infirmo
495 1960 673 2043 quatientes
691 1981 823 2045 corpora
841 1969 931 2022 motu

127 2054 282 2120 veridicos
300 2075 415 2140 parcae
432 2063 606 2138 coeperunt
622 2052 717 2118 edere
735 2063 858 2116 cantus.

126 2144 177 2213 his
196 2169 309 2233 corpus
326 2148 495 2212 tremulum
513 2146 714 2232 conplectens
731 2145 872 2231 undique
890 2145 987 2212 vestis

127 2242 264 2308 candida
279 2263 440 2327 purpurea
457 2242 537 2305 talos
554 2239 728 2306 incinxerat
745 2261 811 2318 ora,

128 2347 161 2402 at
177 2357 286 2400 roseae
303 2335 397 2400 niveo
414 2334 596 2400 residebant
612 2333 729 2400 vertice
747 2333 855 2410 vittae,

128 2441 356 2513 aeternumque
373 2451 485 2493 manus
504 2429 677 2514 carpebant
694 2429 753 2493 rite
770 2427 928 2493 laborem:

128 2525 221 2592 laeva
237 2525 342 2589 colum
358 2523 446 2588 molli
463 2523 537 2588 lana
554 2523 710 2588 retinebat
727 2523 890 2599 amictum,
923 2553 927 2560 ·

129 2619 259 2684 dextera
276 2627 343 2682 tum
360 2617 471 2683 leviter
488 2617 649 2683 deducens
666 2619 722 2682 lila
739 2617 860 2703 supinis

128 2711 287 2776 formabat
304 2710 420 2794 digitis,
437 2721 504 2774 tum
521 2731 620 2795 prono
638 2712 671 2774 in
691 2711 802 2795 pollice
824 2719 974 2794 torquens

128 2806 277 2871 libratum
294 2804 384 2871 tereti
402 2804 548 2868 versabat
566 2804 690 2868 turbine
707 2803 830 2880 fusum3

129 2909 226 2982 atque
242 2897 288 2963 ita
305 2897 476 2982 decerpens
495 2896 652 2978 aequabat
670 2917 791 2981 semper
811 2918 891 2980 opus
909 2896 998 2973 dens,

129 2993 283 3075 laneaque
300 2990 430 3055 aridulis
448 2990 621 3054 haerebant
638 3011 743 3054 morsa
759 2989 893 3066 labellis,

129 3108 211 3171 quae
228 3085 316 3171 prius
333 3084 367 3148 in
384 3085 446 3150 levi
464 3085 589 3149 fuerant
608 3083 747 3151 extantia
764 3083 832 3161 filo;
979 3075 982 3084 ’

130 3178 316 3264 antepedes
334 3187 441 3244 autem
458 3178 620 3243 candentis
637 3177 745 3243 mollia
762 3178 854 3243 lanae

131 3274 246 3339 vellera
264 3272 377 3356 virgati
396 3271 598 3337 custodibant
615 3271 786 3337 calathisci.

24 3397 27 3400 ·
130 3367 190 3433 hae
206 3377 275 3430 tum
291 3365 447 3431 clarisona
465 3367 616 3431 vellentes
633 3366 751 3431 vellera
768 3385 847 3430 voce

131 3461 205 3526 talia
222 3459 329 3524 divino
346 3458 498 3524 fuderunt
515 3458 653 3525 carmine
670 3459 748 3536 fata,

131 3552 268 3620 carmine
286 3552 436 3638 perfidiae
454 3554 538 3637 quod
556 3563 628 3638 post
644 3553 732 3618 nulla
750 3553 855 3638 arguit
871 3563 968 3619 aetas.

172 3655 206 3713 ‘o
224 3647 321 3712 decus
339 3646 490 3712 eximium
507 3647 631 3732 magnis
649 3646 818 3712 virtutibus
837 3669 968 3734 augens,

132 3741 298 3806 Emathiae
316 3751 459 3807 tutamen
476 3741 555 3827 opis,
568 3741 744 3810 ,clarissime
760 3747 847 3818 nato,

84 3915 87 3920 Ι
131 3836 248 3921 accipe,
266 3835 353 3918 quod
368 3835 452 3901 laeta
469 3835 527 3900 tibi
544 3835 689 3921 pandunt
704 3836 776 3902 luce
794 3843 927 3911 sorores,

131 3929 304 4008 veridicum
322 3929 472 3994 oraclum.
517 3929 573 3994 sed
590 3950 658 4006 vos,
676 3951 758 4013 quae
775 3928 843 3992 fata
861 3937 1021 4004 secuntur,

132 4023 245 4089 currite
263 4022 414 4088 ducentes
433 4021 643 4108 subtegmina,
663 4022 788 4100 currite,
806 4019 880 4088 fusi.

180 4123 275 4166 ausus
962 4119 981 4174 4

1141 4371 1375 4576 »Ν
