2954 4990
514 402 743 446 racanaounua
979 379 984 386 '
1079 400 1179 442 xxxnr

84 524 229 586 videbis
248 532 277 584 et
294 522 382 583 ieres'
402 521 584 582 simillimum
597 525 659 582 veri
679 529 732 595 est,
749 531 783 580 nt
801 540 868 579 cum
880 518 1027 580 mandatis
1042 518 1176 580 Caesaris

83 613 118 669 in
133 611 236 670 urbem
248 611 354 668 missus
369 627 431 668 esse
444 607 546 686 ibique
560 606 743 686 aliquamdiu
756 608 899 666 mansisse
912 605 1057 678 videatur,
1076 623 1176 683 quem-

84 695 247 754 admodum
277 696 367 753 etiam
392 692 521 751 Balbum
546 692 633 750 modo
661 695 692 750 in
724 693 877 771 provincia
904 690 984 770 apud
1015 693 1177 750 exercitum

83 779 186 853 fuisse,
209 779 296 839 modo
314 780 428 838 Romae
450 776 668 836 commodorum
688 776 872 855 proconsulis
889 775 1066 835 tuendorum
1088 793 1179 851 causa

84 873 298 924 commoratum
333 882 397 922 esse
431 865 539 922 scimus
574 857 662 936 (conf.
695 863 887 920 Drumannus
918 861 985 920 hist.
1016 861 1103 920 Rom.
1132 859 1176 931 H,

82 971 114 1028 p.
138 951 200 1008 597
215 969 237 1008 s.
261 949 322 1008 601
337 945 382 1023 a).
404 979 446 990 —-
467 950 655 1024 pervenimus
677 967 757 1006 nuno
779 945 819 1005 ad
840 965 864 1005 c.
888 945 987 1019 LVII,
1011 945 1089 1026 quod
1111 952 1179 1024 post

81 1034 199 1108 XXIX
217 1036 357 1112 scriptum
375 1050 438 1092 esse
455 1031 552 1091 habeo
575 1051 627 1090 our
649 1031 786 1092 iudicem.
824 1050 893 1089 nam
917 1050 984 1090 cum
1006 1033 1039 1090 in
1061 1030 1123 1103 illo,
1144 1037 1178 1089 ut

82 1119 224 1192 vidimus,
242 1127 330 1198 poeta
344 1135 477 1176 socerum
494 1135 696 1195 generumque
709 1136 775 1176 eam
788 1122 904 1174 tantum
921 1116 958 1175 ob
973 1135 1092 1175 causam
1107 1116 1178 1195 quia

82 1206 239 1264 inimicum
265 1223 351 1262 sunm
371 1202 494 1261 foveant
515 1200 655 1273 adoritur,
683 1203 715 1259 in
736 1200 792 1260 hoc
809 1201 977 1260 Mamurrae
1005 1209 1034 1260 et
1056 1201 1178 1260 Caesari

80 1291 151 1368 pari
167 1292 228 1348 iam
251 1288 319 1348 odio
341 1286 471 1346 insultat.
507 1288 679 1365 perstringit
700 1293 799 1345 antem
822 1284 1006 1344 contubernii
1027 1305 1128 1345 eorum
1144 1287 1178 1344 in

83 1372 189 1435 Gallia
205 1371 462 1444 necessitudinem,
482 1370 519 1430 de
536 1391 604 1450 qua,
624 1391 691 1429 cnm
709 1373 772 1449 ipse
789 1369 926 1430 Veronae
945 1369 1073 1447 degeret,
1095 1370 1178 1429 haud

82 1458 176 1519 dubie
194 1457 358 1530 audiverat,
377 1463 411 1513 ut
423 1474 440 1515 e
454 1459 586 1515 maxima
602 1458 742 1514 vitiorum
756 1454 950 1515 similitudine
962 1463 1061 1515 natam
1076 1458 1179 1534 eisque

80 1542 239 1603 muliebris
253 1545 437 1622 potissimum
450 1543 611 1620 patientiae
625 1543 743 1612 crimen,
762 1559 852 1619 aquo
865 1559 986 1600 exorsus
1000 1548 1051 1614 est,
1070 1542 1178 1598 iterum

81 1638 176 1708 atque
193 1629 301 1686 iterum
318 1626 483 1705 exprobrat.
517 1645 587 1685 nam
606 1625 686 1705 quod
701 1646 729 1684 v.
747 1628 764 1682 7
784 1624 857 1684 ‘nno
875 1627 908 1684 in
924 1624 1062 1685 lecticulo
1081 1625 1177 1684 erudi-

81 1713 155 1772 tuli’
174 1712 320 1786 dicuntur,
338 1711 379 1784 id,
403 1715 459 1771 etsi
480 1710 520 1770 ad
543 1714 711 1770 communia
731 1711 895 1769 litterarum
917 1710 1016 1769 studia
1037 1713 1177 1770 maxime·

81 1817 153 1878 que,
176 1806 210 1857 ut
232 1797 307 1856 mihi
328 1795 447 1876 quidem
468 1795 596 1869 videtur,
614 1796 662 1855 ad
682 1798 812 1874 poeticos
834 1798 987 1875 utriusque
1008 1795 1090 1855 lusus
1111 1815 1178 1874 per-

81 1887 220 1944 tinet-
238 1880 395 1942 Caesarem
413 1883 493 1940 enim
515 1883 648 1939 carmina
670 1883 818 1960 pepigisse
836 1880 994 1940 Suetonius
1012 1880 1069 1940 Iul.
1089 1882 1127 1939 56
1148 1889 1178 1940 et

82 1971 118 2027 in
132 1969 194 2026 vita
207 1968 342 2026 Terentii
354 1987 383 2045 p.
398 1967 439 2024 34
452 1965 548 2038 Raiff,
562 1966 686 2025 Tacitus
700 1965 769 2025 dial.
786 1967 835 2037 21,
848 1965 965 2024 Plinius
979 1968 1062 2044 epist.
1077 1967 1107 2026 V
1121 1969 1139 2024 3
1156 1966 1175 2024 5

80 2060 174 2113 testes
191 2059 268 2125 sunt,
287 2053 468 2112 Mamurram
481 2059 580 2110 antem
598 2059 628 2109 et
640 2053 738 2128 ipsum
750 2050 884 2110 versibus
898 2050 1042 2110 faciendis
1057 2070 1177 2128 operam

80 2137 202 2198 dedisse
225 2135 337 2197 Catulli
358 2156 381 2195 c.
402 2136 464 2208 CV,
493 2135 529 2194 de
552 2155 610 2214 quo
632 2134 712 2193 infra
735 2153 865 2212 agemus,
894 2134 979 2194 docet
1001 2167 1050 2207 —-,
1076 2142 1178 2194 tamen

81 2221 174 2283 simul
191 2221 230 2280 ad
247 2223 334 2281 istam
350 2220 564 2300 turpitudinem
582 2228 715 2299 spectare
727 2227 862 2299 apertum
879 2227 930 2278 est.
957 2238 1054 2298 neque
1071 2219 1177 2279 dubito

79 2310 159 2387 quin
176 2326 278 2366 versus
297 2308 315 2364 9
335 2305 455 2366 ‘rivales
473 2307 547 2365 socii
563 2303 773 2385 puellulamm'
791 2308 835 2364 ita
851 2303 1069 2382 intellegendus
1088 2309 1126 2364 sit
1142 2312 1177 2364 nt

79 2393 235 2470 Hauptiua
253 2411 351 2470 opusc.
366 2392 391 2463 Ι,
403 2412 432 2470 p.
450 2392 510 2449 114
528 2397 689 2470 praeeunte
701 2391 864 2466 Dooringio
883 2407 950 2448 eum
967 2391 1177 2468 interpretatus

79 2485 136 2539 est.
165 2477 266 2537 crebro
284 2485 383 2536 autem
397 2477 645 2536 deminutivomm
662 2477 695 2534 in
711 2475 768 2535 hoc
786 2477 998 2554 epigrammate
1014 2495 1071 2534 usu
1086 2483 1178 2555 poeta

80 2561 240 2622 manifesto
263 2561 295 2621 id
321 2563 383 2638 egit
407 2569 441 2620 ut
462 2560 620 2621 delicatam
645 2564 768 2620 istorum
790 2559 914 2620 vivendi
940 2562 1085 2620 rationem
1110 2563 1177 2640 ipso
1205 2608 1210 2618 .

81 2649 223 2708 carminis
245 2668 316 2706 sono
341 2649 526 2725 exprimeret.
543 2677 586 2688 -
605 2645 701 2706 eidem
722 2646 784 2705 fere
805 2647 931 2725 tempori
954 2665 979 2704 o.
997 2646 1071 2705 LIV
1094 2649 1176 2705 attri-

79 2732 235 2792 buendum
252 2740 304 2791 est.
340 2732 419 2810 quod
437 2739 467 2790 et
483 2733 580 2810 ipsum
597 2739 664 2810 post
680 2731 793 2790 XXIX
810 2733 952 2810 scriptum
969 2750 1033 2791 esse
1049 2735 1175 2791 extremi

79 2817 142 2876 duo
164 2817 302 2876 versiculi
324 2816 534 2876 demonstrant.
573 2817 627 2875 ubi
649 2815 785 2875 Catullus
808 2835 875 2874 curn
898 2815 1055 2875 Caesarem
1075 2816 1175 2875 verbis

82 2902 185 2962 ‘unice
206 2900 378 2980 imperator'
401 2901 579 2981 adloquitur,
606 2900 645 2959 ad
667 2921 695 2959 v.
720 2903 759 2958 11
783 2901 862 2960 illins
888 2901 1025 2958 carminis
1046 2903 1174 2979 respicit.

80 2985 163 3067 qnod
188 2995 288 3045 antem
312 2986 377 3045 fore
406 2988 568 3065 praesentit
591 2993 626 3044 ut
652 2988 810 3063 imperator
840 2987 947 3044 iterum
979 2985 1039 3042 suis
1068 2984 1176 3044 iambis
1286 3021 1287 3026 κ

79 3075 237 3143 irascatur,
255 3069 325 3129 inde
342 3077 459 3148 poetam
477 3074 540 3129 eius
560 3070 596 3129 de
614 3090 637 3128 c.
655 3070 769 3128 XXIX
787 3069 1023 3146 indignationem
1047 3089 1176 3148 comper-

78 3165 144 3216 tam
161 3155 301 3215 habuisse
319 3156 513 3232 cognoscitur.
543 3157 645 3233 itaque
662 3175 730 3213 cum
745 3152 855 3213 Caesar
871 3173 890 3212 a
907 3153 1048 3214 Suetonio
1062 3155 1119 3214 Iul.
1136 3157 1175 3214 73

78 3261 143 3301 non
166 3240 366 3300 dissimulasse
387 3247 523 3299 narretur
550 3239 608 3298 sibi
629 3259 647 3298 a
669 3238 788 3300 Catullo
812 3238 1017 3298 ‘versiculis
1040 3240 1082 3300 de
1103 3241 1176 3300 Ma·

79 3325 212 3385 murra’
230 3334 373 3404 perpetua
387 3327 526 3402 stigmata
535 3325 670 3403 Inposita
682 3341 754 3396 esse,
773 3343 833 3383 non
847 3323 976 3384 dubitari
992 3331 1090 3402 potest
1102 3329 1177 3406 quin

79 3411 121 3471 de
145 3411 252 3471 iambis
284 3412 423 3469 carminis
449 3409 564 3470 XXIX
595 3411 781 3486 cogitaverit,
814 3428 887 3488 quos
917 3410 1009 3468 multo
1041 3411 1176 3471 latiorem

79 3498 203 3556 omnino
230 3495 310 3575 apud
336 3501 450 3556 vetares
478 3495 588 3554 famam
614 3493 737 3573 adeptos
763 3513 826 3554 esse
853 3514 941 3574 quam
964 3516 988 3554 c.
1010 3495 1109 3569 LVII,
1136 3497 1177 3556 ad

80 3580 163 3661 qnod
181 3580 305 3640 Iahnius
328 3579 347 3640 l.
366 3601 390 3640 c.
408 3601 436 3660 p.
457 3582 517 3639 241
542 3580 654 3640 dictum
673 3579 808 3640 Caesaris
830 3600 849 3638 a
871 3579 1012 3640 Suetonio
1034 3581 1176 3640 traditum

79 3666 192 3726 referre
218 3666 331 3739 maluit,
358 3665 417 3725 loci
440 3686 458 3724 a
478 3666 613 3743 Vergilio
640 3667 732 3744 epIgr.
759 3665 811 3724 III
837 3666 866 3738 6,
893 3665 992 3725 Plinio
1019 3674 1080 3726 nat.
1106 3667 1174 3726 hist.

80 3751 223 3811 XXXVI
246 3752 264 3809 6
290 3753 340 3824 48,
364 3749 552 3824 Quintiliano
574 3751 661 3810 ΙΧ4
686 3751 744 3808 141
769 3769 807 3811 ax
828 3751 871 3809 eis
894 3750 987 3809 adlati
1008 3748 1175 3810 ostendunt.

80 3855 178 3916 neque
200 3835 446 3915 hendecasyllabi
468 3837 606 3896 carminis
623 3834 716 3897 LVII
737 3834 911 3896 versiculi
933 3835 975 3895 da
996 3836 1178 3894 Mamurra

78 3930 158 3995 sunt,
186 3920 237 3981 sed
260 3919 296 3981 de
318 3922 470 3981 Mamurra
491 3921 579 3981 simul
601 3928 632 3980 et
650 3919 785 3980 Caesare.
821 3927 949 3979 ceterum
971 3921 1024 3999 qni
1046 3921 1106 3978 sint
1127 3920 1178 3980 isti

79 4005 214 4066 homines
233 4027 307 4086 quos
324 4009 357 4066 in
375 4028 399 4066 c.
417 4007 493 4067 LIV
509 4026 571 4065 nna
589 4026 655 4065 cum
674 4004 802 4066 Caesare
816 4004 951 4065 Catullus
970 4006 1073 4083 carpit,
1093 4005 1177 4084 quid-

75 4109 139 4170 que
166 4111 233 4152 enm
255 4100 288 4151 ut
311 4091 343 4150 id
363 4091 476 4152 faceret
497 4093 690 4152 commoverit
715 4089 806 4170 plane
831 4091 995 4166 ignoratur,
1022 4109 1118 4170 neque
1140 4089 1179 4151 de

75 4175 178 4238 lacero
204 4177 261 4237 hoc
287 4179 435 4256 poematia
458 4179 645 4238 coniecturae
670 4176 837 4255 periculum
859 4174 958 4236 facere
980 4184 1179 4255 opportunum

131 4273 227 4315 deteritur
991 4272 1009 4315 C
