2968 4990
288 624 311 678 I)

325 348 349 444 s‘

756 389 927 447 CATULLI

455 536 565 580 verum
582 511 690 578 nescio
707 512 785 596 quid
802 512 985 579 febriculosi

456 606 549 673 scorti
567 606 686 692 diligis:
705 605 765 671 hoc
783 607 883 692 pudet
899 606 1001 674 fateri.

452 723 529 765 narn
547 711 578 765 te
595 723 660 765 non
678 699 790 764 viduas
808 701 911 766 iacere
928 711 1038 768 noctes

453 795 643 878 ecquidnam
660 795 810 859 taciturn?
828 796 932 860 cubile
950 798 1066 861 clamat

453 889 544 954 sertis
562 910 598 953 ac
618 887 713 974 Syrio
730 889 875 974 fragrans
893 890 987 966 olivo,

453 983 667 1068 pulvinusque
683 1004 842 1067 peraeque
860 991 892 1048 et
910 983 969 1047 hac
987 994 1019 1048 et
1035 984 1108 1049 illac

454 1077 589 1153 attritus,
607 1076 796 1158 tremulique
814 1097 931 1159 quassa
948 1077 1023 1143 lecti

453 1169 612 1256 argutatio
629 1170 911 1254 inambulatioque.

450 1263 515 1328 iam
533 1275 568 1327 tu
585 1265 646 1329 ista
663 1263 731 1349 ipse
749 1264 829 1329 nihil
846 1265 932 1329 vales
950 1275 1066 1330 tacere.

452 1358 528 1422 cur?
545 1379 610 1422 non
628 1368 692 1421 tam
711 1359 811 1422 latera
829 1357 971 1423 ecfututa
988 1358 1122 1443 pandas,

452 1452 486 1515 ni
503 1461 538 1515 tu
555 1451 633 1535 quid
650 1451 749 1516 facias
767 1451 970 1536 ineptiarum.

452 1566 561 1628 quare,
580 1544 736 1628 quidquid
754 1544 853 1609 habes
872 1545 948 1609 boni
966 1545 1116 1630 malique,

452 1638 505 1702 dic
521 1639 623 1703 nobis.
659 1638 732 1702 volo
751 1647 782 1704 te
800 1661 838 1703 ac
855 1649 927 1702 tuos
945 1660 1069 1704 amores

453 1732 495 1797 ad
512 1733 637 1797 caelum
652 1732 757 1816 lepido
776 1754 889 1798 vocare
907 1755 1012 1798 versu.

796 2081 876 2149 VH.

453 2200 600 2284 Quaeris,
619 2213 697 2286 quot
715 2202 793 2266 milri
808 2201 1001 2266 basiationes

453 2307 538 2372 tuae,
556 2297 687 2375 Lesbia,
706 2298 769 2362 sint
787 2297 862 2362 satis
882 2317 1050 2381 superque.

453 2412 548 2476 quam
566 2414 703 2477 magnus
722 2414 873 2456 numerus
891 2390 1048 2475 Libyssae
1066 2388 1203 2454 harenae

452 2485 674 2570 laserpiciferis
692 2485 773 2551 iacet
793 2483 938 2570 Cyrenis,

452 2578 593 2642 oraclum
610 2579 697 2644 Iovis
715 2580 797 2644 inter
814 2577 952 2643 aestuosi

452 2682 485 2737 et
500 2673 588 2736 Batti
606 2674 721 2738 veteris
740 2695 865 2738 sacrum
883 2672 1074 2757 sepulcrum,

451 2775 507 2829 aut
523 2787 620 2849 quam
638 2767 742 2831 sidera
759 2768 869 2844 multa,
888 2788 961 2830 oum
979 2774 1064 2828 tacet
1081 2785 1156 2842 nox,

451 2859 584 2925 furtivos
603 2860 766 2925 hominum
784 2861 894 2926 vident
910 2879 1043 2931 amores,

451 2962 517 3017 tam
534 2963 566 3018 te
583 2953 674 3019 basia
691 2955 792 3019 multa
809 2953 933 3018 basiare

452 3068 571 3112 vesano
589 3048 664 3112 satis
683 3060 714 3113 et
732 3071 828 3134 super
846 3045 1015 3123 Catullost,

451 3161 534 3223 quae
551 3164 610 3206 nec
626 3163 851 3226 pernumerare
869 3161 985 3206 currosr

451 3233 572 3319 possint
589 3257 648 3299 nec
666 3237 751 3300 mala
768 3234 924 3299 fascinare
940 3233 1059 3318 lingua.

785 3584 880 3651 VIII.

451 3701 554 3766 Miser
571 3697 708 3777 Catulle,
727 3701 851 3766 desinas
869 3703 1027 3787 ineptiral

453 3807 482 3860 et
501 3795 587 3878 quod
604 3793 692 3859 vides
710 3796 828 3880 perisse
847 3797 1005 3880 perditum
1024 3796 1133 3862 ducas.

450 3889 567 3953 fulsere
585 3887 744 3972 quondam
762 3889 888 3954 candidi
906 3889 963 3953 tibi
982 3890 1072 3965 soles,

453 4005 526 4049 cum
543 3983 720 4048 ventitabas
739 4005 803 4067 quo
820 3985 927 4069 puella
945 3983 1082 4048 ducebat

452 4087 556 4142 amata
572 4078 664 4142 nobis
682 4088 837 4162 quantum
855 4078 1012 4142 amabitur
1029 4077 1126 4143 nulla.

452 4170 496 4235 ibi
513 4171 567 4234 illa
584 4174 683 4236 multa
700 4183 768 4237 tum
786 4173 892 4238 iocosa
908 4172 1037 4248 fiebant,
