2968 4990
523 421 752 464 Paonnuouuna
1081 421 1183 463 mxv

81 562 161 600 rum
185 544 285 600 semin.
309 539 411 620 philol.
430 538 624 615 Erlangensis
646 539 704 598 vol.
723 541 765 612 II,
784 560 812 618 p.
833 542 910 612 iss,
933 543 989 598 etsi
1010 557 1065 598 nec
1083 541 1184 598 omnia

84 646 171 706 quae
193 626 251 685 huc
272 629 422 705 pertinent
444 625 605 703 conplexus
628 632 672 684 est
690 632 719 684 et
740 625 839 685 aliena
859 623 940 683 haud
960 644 1056 704 pauca
1073 631 1184 683 temere

84 710 260 770 admiscuit
305 714 413 770 etenim
438 709 552 786 figurae
579 708 793 788 etymologicus
818 710 874 770 hoc
902 717 946 768 est
971 711 1124 789 proprium
1149 715 1183 767 ut

83 795 241 856 vocabula
267 795 396 855 eIusdem
420 797 550 872 originis,
579 794 631 854 sed
656 814 717 853 non
740 794 843 854 eadem
863 799 897 853 111
919 814 1011 854 unam
1031 797 1183 853 notionem

86 882 321 957 coniungantur.
352 883 413 939 iam
430 879 511 959 apud
529 878 678 939 Catullum
696 899 821 960 quoque,
840 888 873 939 ut
890 879 970 958 apud
988 887 1107 952 ceteros,
1126 878 1183 938 fre·

86 968 319 1044 quentissimum
337 965 368 1024 id
383 972 427 1024 est
440 984 534 1042 genus
553 984 610 1044 quo
625 965 747 1024 verbum
765 985 830 1024 oum
845 973 949 1045 quarto
967 984 1038 1024 casu
1054 965 1183 1022 nominis

87 1049 274 1108 substantivi
297 1049 459 1128 copulatur,
482 1069 527 1109 ex.
547 1069 590 1125 gr.
614 1051 694 1107 bosio
715 1051 836 1122 hamore,
859 1070 919 1130 qua
939 1053 972 1107 in
995 1048 1183 1128 copulatione

87 1135 280 1194 substantivo
303 1155 418 1214 semper
443 1133 625 1194 adIectivum
651 1142 703 1193 aut
727 1153 891 1213 pronomen
917 1134 1038 1213 aliquod
1063 1133 1182 1193 additur

85 1227 212 1298 praeter
228 1241 252 1279 c.
273 1217 330 1279 CX
347 1222 368 1278 4
388 1221 464 1294 facia
483 1221 596 1294 faciam
614 1216 740 1299 (dequo
759 1219 836 1278 conf.
854 1218 1052 1296 Landgrafius
1069 1241 1098 1297 p.
1119 1217 1181 1296 17),

86 1325 165 1364 nam
182 1305 340 1364 verborum
357 1308 451 1362 iuncta
468 1307 535 1378 iuqo
552 1324 576 1363 c.
590 1303 701 1362 LXIII
712 1305 750 1362 76
770 1304 830 1363 alia
848 1312 892 1364 est
907 1307 989 1362 ratio.
1018 1303 1182 1364 ablativum

88 1389 275 1448 substantivi
298 1410 364 1448 cum
386 1389 476 1450 verbo
500 1392 699 1447 consociatum
721 1388 812 1448 habes
835 1409 859 1448 c.
877 1389 957 1448 XIV
975 1390 993 1446 3
1016 1391 1134 1446 odissem
1156 1399 1182 1446 te

88 1477 157 1532 odio
180 1477 341 1533 Vetim’auo.
375 1475 592 1552 praepositione
614 1473 764 1538 adnexum
786 1481 831 1533 est
853 1474 1068 1535 substantivum
1087 1495 1111 1532 c.
1130 1473 1182 1532 ΠΙ

90 1562 132 1616 11
163 1561 185 1616 it
208 1579 263 1634 per
287 1562 340 1616 iter
366 1561 571 1618 tenebricosum.
616 1558 674 1617 duo
705 1558 853 1618 adiectiva
878 1561 1036 1618 coniuncta
1061 1566 1131 1617 sunt
1156 1579 1181 1616 c.

87 1643 237 1703 LXXIII
255 1645 373 1702 6111111111
391 1654 474 1719 etque
489 1646 607 1700 unicum.
643 1644 702 1702 alia
719 1647 874 1724 magisque
891 1644 1049 1722 singularis
1068 1646 1180 1723 species

88 1731 245 1787 invenitur
262 1748 285 1787 c.
304 1729 420 1787 XXIII
438 1730 477 1788 18
500 1729 571 1785 donc
594 1729 634 1786 ad
652 1731 810 1786 munditiem
827 1731 900 1786 adde
920 1730 1088 1787 mundiorem
1106 1727 1180 1804 (soil.

88 1811 290 1889 munditiem),
310 1834 367 1893 quo
386 1834 452 1872 cum
466 1813 599 1892 exemplo
612 1815 644 1870 in
657 1816 759 1892 primis
773 1813 994 1893 conparandum
1007 1814 1181 1872 Plautinum

89 1898 170 1957 illud
196 1918 250 1955 uon
275 1902 389 1957 lutumst
419 1902 579 1956 lutulentius
605 1897 729 1958 Poenul.
754 1899 822 1957 158.
866 1898 1014 1958 diversum
1040 1919 1058 1957 a
1083 1900 1182 1975 figura

91 1982 331 2062 etymologioaid
340 1991 386 2042 est
394 1982 511 2043 schema
520 1981 600 2062 quod
612 1986 645 2042 in
655 1982 793 2042 adiectivi
803 1986 987 2061 conparativi
997 2004 1063 2042 cum
1077 1983 1181 2044 eodem

90 2071 222 2148 positivo
240 2069 426 2147 copulatione
444 2071 585 2126 consistit.
621 2088 679 2147 quo
698 2089 764 2126 cum
783 2066 917 2127 Catullus
934 2068 1076 2147 peculiari
1092 2067 1179 2128 modo

90 2173 164 2214 usus
182 2156 228 2226 sit,
247 2157 346 2212 omnia
368 2153 504 2231 exempla
526 2152 704 2210 adscribam:
727 2173 751 2210 c.
768 2153 866 2210 XXII
885 2154 925 2211 14
944 2155 1061 2226 infaceto
1080 2163 1121 2212 est
1137 2155 1179 2210 in·

89 2240 213 2313 facetior
228 2259 304 2309 rure,
322 2238 474 2297 XXVII4
493 2238 598 2294 ebrioso
616 2240 695 2294 acino
713 2239 879 2309 ebriosioris,
896 2236 1003 2298 XCIX
1012 2240 1039 2296 2.
1051 2239 1091 2296 14
1105 2240 1182 2296 dulci

92 2326 204 2382 dulcius
222 2324 361 2380 ambrosio
374 2329 404 2382 et
416 2325 492 2380 tristi
508 2325 617 2380 tristius
634 2323 779 2395 helleboro,
796 2322 941 2382 XXXIX
953 2324 992 2381 16
1010 2327 1071 2381 risu
1087 2327 1179 2399 inepto

92 2429 141 2468 ces
153 2410 274 2484 ineptior
286 2411 402 2480 nullast,
417 2427 435 2465 a
448 2407 554 2488 quibus
567 2406 733 2486 paullulum
747 2407 845 2467 differt
858 2407 937 2490 quod
950 2416 995 2468 est
1007 2428 1030 2467 c.
1040 2407 1180 2468 LXVHI

94 2495 157 2552 117
180 2503 245 2552 tuus
266 2496 341 2552 attus
363 2513 442 2550 emor·
464 2493 595 2550 barathro
616 2495 670 2565 fuit
692 2496 777 2550 altior
798 2496 856 2551 illo.
891 2493 943 2553 sed
965 2493 1179 2574 huncquoque

94 2577 213 2638 dicendi
234 2597 344 2637 morem
366 2580 459 2637 veteri
482 2577 650 2637 comoediae
674 2577 775 2638 deberi
791 2578 931 2638 viderunt
946 2578 1098 2656 Zieglerus
1115 2579 1135 2637 l.
1153 2600 1178 2638 c.

93 2685 124 2743 p.
143 2663 182 2721 15
205 2672 234 2722 et
254 2662 452 2739 Landgrafius
473 2684 502 2742 p.
522 2664 570 2721 66.
609 2683 680 2722 nam
701 2663 804 2722 eodem
829 2664 919 2743 plane
938 2663 1031 2724 'modo
1052 2665 1177 2724 Plautus

93 2751 173 2806 melle
189 2750 266 2806 dulci
282 2750 401 2820 dulcior,
418 2769 453 2805 m.
472 2750 500 2805 d.
519 2749 627 2806 dulcius
645 2747 730 2806 Asin.
751 2749 820 2806 614.
839 2748 960 2808 Trucul.
980 2752 1050 2822 371,
1069 2759 1099 2808 et
1117 2753 1178 2807 citis

95 2835 241 2910 quadriqis
268 2835 348 2890 citius
368 2831 469 2891 Aulul.
494 2833 563 2890 600.
604 2841 732 2892 ceterum
755 2832 874 2911 Sappho
902 2853 1018 2913 quoque
1043 2833 1178 2893 similiter

93 2919 221 2978 locutam
240 2936 302 2977 esse
320 2937 409 2996 supra
426 2916 614 2991 ostendimus,
632 2916 813 2997 adparetque
830 2917 901 2976 inde
917 2918 990 2976 talia
1007 2921 1039 2976 in
1053 2927 1178 2998 utraque

93 3004 199 3080 lingua
218 3001 310 3060 fuisse
331 3000 493 3079 popularia.
527 3011 561 3060 ut
582 3009 680 3061 autern
703 3001 846 3074 Catullus,
873 3023 939 3061 cum
965 3002 1113 3062 sufficeret
1138 3003 1178 3062 ad

95 3089 271 3149 sententiam
293 3085 392 3144 dicere
413 3085 493 3144 ‘rure
515 3094 559 3144 est
579 3085 757 3158 infacetior',
780 3085 959 3146 adiectivum
975 3086 1055 3166 quod
1072 3097 1117 3146 est
1137 3092 1178 3146 in-

93 3176 202 3250 facetus
219 3173 333 3230 nomini
347 3191 384 3231 ex
402 3174 591 3249 conparativo
607 3170 751 3250 pendenti
765 3169 873 3230 addere
886 3171 999 3245 maluit,
1018 3192 1075 3252 quo
1090 3191 1177 3232 sonos

97 3259 153 3319 sibi
165 3264 360 3316 consonantes
373 3255 503 3315 efficeret
516 3255 756 3314 delectandarum
769 3257 885 3314 aurium
897 3261 1002 3333 gratia,
1016 3259 1059 3316 sic
1072 3258 1176 3318 eodem

98 3344 200 3403 ductus
218 3341 315 3401 studio
331 3340 435 3400 itidem
457 3349 589 3400 veterum
611 3344 797 3421 maximeque
814 3341 915 3400 Plauti
932 3342 1065 3421 exemplo
1083 3344 1177 3404 multa

98 3429 203 3488 similia
224 3429 364 3486 orationis
382 3427 506 3485 artificia
528 3425 669 3485 adhibuit.
704 3447 764 3485 non
781 3425 929 3506 loquimur
948 3428 997 3486 hic
1015 3429 1051 3488 de
1069 3447 1177 3507 epana-

97 3515 187 3595 phora
213 3512 338 3592 aliisque
363 3511 396 3570 id
418 3531 511 3590 genus
534 3511 636 3588 figuris
658 3511 820 3585 rhetoricis,
847 3533 971 3592 quarum
992 3512 1177 3594 frequentem

98 3618 180 3658 usum
203 3618 292 3676 supra
312 3596 442 3656 vidimus
465 3597 502 3656 ab
528 3599 691 3656 imitatione
712 3596 936 3658 AlexandrInae
956 3601 1055 3678 potius
1078 3604 1176 3678 poesis

99 3683 286 3762 repetendum
299 3701 369 3743 esse.
400 3681 453 3743 sed
470 3684 639 3761 saepissime
653 3681 788 3743 Catullus
807 3685 871 3743 soni
889 3704 977 3743 causa
994 3683 1073 3744 idem
1089 3705 1176 3744 voca·

99 3770 198 3830 bulum
224 3771 287 3828 sive
313 3767 416 3827 eadem
442 3770 505 3826 siue
530 3769 646 3826 variata
667 3767 828 3827 formabis
850 3771 943 3847 ponit,
966 3777 996 3828 et
1016 3769 1175 3848 plurimum

101 3854 222 3936 quidem,
233 3873 291 3934 quo
304 3855 399 3929 magis
411 3852 554 3912 feriantur
567 3873 660 3926 aures,
675 3855 823 3927 continuo,
832 3857 927 3913 rarius
940 3874 1000 3912 una
1012 3853 1062 3913 vel
1075 3857 1177 3931 paucis

101 3939 217 3999 vocibus
235 3940 405 4011 interlectis,
423 3957 468 3998 ex.
484 3957 528 4015 gr.
537 3958 631 4014 purae
643 3958 721 4014 pura
734 3942 848 4012 puellae
859 3939 946 3996 Savia
959 3935 1124 4012 (LXXVII
1135 3937 1175 4016 7),

103 4044 158 4084 eum
169 4044 259 4101 puero
276 4033 307 4082 ut
324 4025 393 4081 bello
412 4025 483 4081 bello
496 4026 596 4099 puella
609 4025 685 4081 mbet
700 4023 882 4099 (LXXVIII
891 4022 932 4100 4),
952 4027 1043 4081 omnio
1054 4027 1176 4092 omnibus

102 4112 193 4170 adnuit
215 4106 304 4186 (LXI
322 4106 405 4186 163),
431 4110 503 4166 bono
530 4127 589 4165 cum
614 4110 685 4166 bona
706 4108 799 4166 Nubat
823 4110 890 4166 alite
914 4111 992 4184 sirpo
1009 4105 1094 4183 (ibid.
1113 4108 1176 4188 19),

102 4198 208 4272 pervelle
221 4195 325 4253 Castor
342 4204 366 4252 et
383 4197 495 4269 qemelle
508 4193 635 4252 Castoris
649 4189 708 4270 (IV
717 4194 766 4250 27.
787 4192 863 4253 conf.
876 4193 947 4253 ibid.
958 4214 985 4252 v.
997 4195 1014 4253 6
1025 4191 1069 4272 s.),
1087 4198 1176 4272 ipsius
