2954 4990
276 369 360 432 mm
710 386 937 429 rsonneosmna

276 515 340 568 erat
364 509 397 565 in
422 505 499 565 anal.
523 507 585 565 crit.
606 526 636 584 p.
660 505 700 563 63
723 507 864 584 suspicio,
894 507 1034 586 quoniam
1059 505 1276 588 proverbialem
1303 525 1385 566 eam
1463 497 1464 506 ¹

276 594 455 652 locutionem
485 589 566 669 apud
593 589 815 649 Alexandrinos
841 610 959 670 quoqne
989 600 1090 670 poetas
1116 593 1276 652 occurrisse
1303 595 1383 651 veri

277 677 372 738 simile
394 685 447 736 est
481 695 568 756 porro
588 696 651 735 non
673 675 840 735 dubitamus
863 679 936 754 quin
960 675 1095 736 Catullus
1116 677 1148 736 in
1169 675 1291 755 phaselo
1315 697 1383 735 suo

278 769 484 840 argumentum
502 780 541 820 ex
558 759 660 820 eodem
679 763 764 840 quasi
781 760 885 820 horreo
902 763 1028 840 petitum
1049 760 1088 819 ad
1109 763 1293 840 propositum
1310 769 1382 819 tra-

277 849 404 908 duxerit
445 851 528 905 extat
558 847 636 904 enim
666 848 699 904 in
730 845 903 922 anthologia
931 844 1070 906 Palatina
1098 847 1147 905 IX
1179 847 1237 904 131
1270 847 1381 922 ignoti

277 934 404 993 auctoris
422 934 605 1009 epigramma
621 951 679 1008 quo
701 934 787 989 navis
808 933 963 1008 pristinam
982 931 1182 991 condicionem
1200 950 1285 989 snam
1308 951 1380 990 sor·

277 1027 395 1095 temque
413 1035 538 1076 narrans
555 1014 712 1074 inducitur.
744 1015 823 1094 quod
841 1019 897 1074 etsi
915 1016 980 1075 fieri
996 1024 1093 1094 potest
1109 1025 1143 1074 ut
1159 1023 1255 1076 aetate
1273 1016 1381 1074 multo

277 1102 418 1162 inferiore
435 1105 576 1178 scriptum
593 1104 640 1174 sit,
659 1109 690 1158 at
705 1104 901 1179 posteriorum
916 1109 1081 1179 temporum
1095 1103 1380 1178 epigrammatarius

278 1187 408 1248 Graecos
429 1193 545 1244 tantum
566 1206 626 1245 non
648 1205 748 1244 omnes
766 1183 1038 1244 Alexandrinorum
1059 1195 1211 1264 poetarum
1232 1189 1379 1262 vestigiis

278 1275 426 1350 ingressos
444 1290 508 1330 esse
525 1278 648 1330 constat.
685 1279 773 1348 atque
796 1279 839 1329 est
860 1290 932 1329 sane
951 1269 1119 1330 Catulliano
1142 1272 1265 1330 carmini
1288 1271 1378 1328 haud

278 1357 420 1416 dissimile
438 1358 639 1434 conpositione
656 1354 729 1414 illud
749 1354 786 1414 de
804 1355 917 1415 nautilo
936 1357 1117 1434 epigramma
1131 1353 1310 1414 Callimachi
1324 1356 1378 1415 VI

278 1443 367 1503 Schn.
402 1461 506 1500 verum
519 1443 598 1500 enim
611 1442 727 1500 veroin
745 1440 905 1499 levioribus
919 1443 982 1500 istis
1000 1443 1258 1520 poematiis-quae
1274 1443 1376 1498 maxi-

277 1548 356 1586 mam
372 1536 487 1605 partem
504 1524 543 1584 ad
559 1529 693 1604 proprias
715 1543 762 1584 res
781 1525 891 1586 Catulli
914 1527 1069 1603 pertinent,
1092 1526 1217 1584 imitatio
1235 1525 1375 1584 Alexan-

279 1613 373 1681 drina,
392 1619 426 1669 ut
442 1631 498 1688 par
514 1617 565 1681 est,
585 1612 701 1688 saepius
725 1610 850 1686 siugulis
871 1613 1024 1670 sententiis
1045 1613 1194 1690 variisque
1215 1610 1323 1688 figuris
1343 1619 1377 1670 et
1463 1663 1464 1680 ,

278 1696 378 1756 verbis
397 1715 486 1774 quam
503 1697 648 1753 universis
667 1697 846 1770 argumentis
869 1703 920 1753 aut
941 1703 1004 1754 tota
1026 1697 1234 1774 conpositionis
1252 1698 1377 1755 ratione
1463 1717 1464 1760 l

281 1783 418 1840 cernitur.
453 1787 542 1858 atque
559 1779 615 1838 hoc
633 1779 753 1859 quidem
770 1781 942 1839 imitationis
964 1800 1058 1857 genus
1075 1784 1193 1840 omnino
1211 1781 1270 1840 late
1287 1789 1377 1859 patet
1463 1799 1464 1812 ¹

279 1886 336 1925 nec
353 1865 390 1924 ab
408 1863 470 1924 ulla
487 1868 583 1943 poesis
597 1864 783 1925 Catullianae
800 1873 883 1943 parte
897 1865 1027 1925 alienum
1045 1876 1096 1926 est.
1124 1865 1175 1924 sed
1192 1885 1245 1943 pro
1264 1865 1375 1924 horum
1463 1863 1464 1902 ³

279 1951 512 2030 prolegomenon
531 1951 676 2026 angustiis
694 1952 726 2008 in
744 1949 911 2009 adferendis
929 1953 1031 2028 paucis
1044 1949 1187 2030 exemplis
1200 1953 1375 2028 insigniori·

279 2037 335 2096 bus
361 2035 447 2094 nobis
474 2034 722 2114 adquiescendum
755 2055 818 2094 esse
848 2038 997 2094 sentimus.
1037 2037 1080 2094 sic
1109 2038 1142 2094 in
1172 2035 1374 2114 pulcherrimo

279 2123 409 2180 carmine
421 2121 458 2193 V,
477 2141 536 2200 quo
553 2130 641 2198 poeta
653 2121 793 2180 Lesbiam
811 2117 851 2178 ad
868 2140 996 2180 amorem
1012 2119 1170 2180 fruendum
1187 2120 1373 2193 adhortatur,

280 2227 348 2266 oum
370 2206 443 2265 dicit
465 2206 554 2264 ‘soles
577 2205 709 2264 occidere
732 2213 761 2263 et
782 2205 879 2264 redire
900 2213 1036 2283 possunt:
1063 2206 1168 2278 Nobis,
1190 2224 1258 2264 oum
1278 2206 1375 2266 semel

279 2291 387 2351 occidit
402 2291 502 2350 brevis
518 2290 580 2363 lux,
598 2291 667 2349 Nox
686 2298 730 2349 est
746 2299 889 2368 perpetua
906 2309 966 2349 una
984 2290 1178 2364 dormienda',
1201 2291 1375 2366 generalem

281 2378 465 2448 sententiam,
492 2393 569 2454 quae
594 2383 718 2434 naturae
743 2395 841 2434 rerum
868 2383 897 2434 et
922 2376 1070 2434 humanae
1095 2378 1177 2434 vitae
1199 2374 1373 2434 diversitate

281 2463 456 2532 continetur,
482 2459 601 2518 videtur
627 2460 664 2518 ab
691 2479 725 2518 eo
753 2462 805 2537 qui
831 2479 949 2520 carmen
975 2462 1008 2519 in
1029 2461 1132 2519 Bionis
1154 2469 1277 2519 mortem
1302 2481 1374 2519 con·

281 2547 398 2624 scripsit
416 2543 455 2619 (v.
476 2543 656 2619 101-106)
675 2546 737 2602 sive
756 2545 793 2603 ab
812 2547 977 2625 antiquiore
994 2545 1094 2625 aliquo
1108 2553 1195 2625 poeta
1212 2565 1302 2623 quem
1320 2546 1374 2605 ille

281 2629 339 2688 hac
355 2632 388 2687 in
404 2637 488 2706 parte
505 2636 621 2688 secutus
639 2636 702 2688 erat
718 2637 867 2688 mutuatus
885 2649 960 2704 esse;
980 2629 1080 2689 sedin
1098 2633 1252 2709 postremis
1270 2631 1374 2690 verbis

281 2715 377 2791 magis
399 2716 488 2772 etiam
511 2717 655 2791 expressit
676 2713 863 2792 Asclepiadis
885 2714 959 2774 illud
985 2709 1059 2790 pasci
1081 2735 1127 2773 τοι
1148 2709 1252 2791 χρόνον
1275 2709 1372 2773 οὐκέτι

282 2795 399 2870 novicis,
430 2793 556 2875 Σχέτλιε,
582 2792 634 2874 τὴν
661 2794 778 2874 μακράν
805 2794 884 2858 νύκτ’
918 2795 1154 2876 ἀναπαυσόμεθα
1185 2797 1277 2874 (anth.
1305 2799 1373 2859 Pal.

281 2885 348 2944 XII
369 2881 432 2959 50),
459 2883 510 2942 ubi
531 2887 603 2945 item
624 2887 718 2944 noctis
744 2887 825 2943 notio
852 2905 905 2964 pro
927 2887 1022 2944 somni
1048 2887 1145 2964 posita
1171 2893 1222 2944 est
1262 2884 1373 2944 deinde

282 2992 307 3029 c.
334 2971 384 3029 III
412 2972 451 3028 12
479 2990 545 3030 cum
568 2970 703 3030 Catullus
729 2977 875 3028 mortuum
901 2989 1049 3048 passerem
1075 2969 1146 3029 illuc
1171 2971 1214 3029 ire
1239 2973 1375 3049 queritur

284 3055 377 3114 ‘unde
398 3065 510 3132 negant
531 3055 627 3115 redire
649 3055 849 3134 quemquam’,
876 3055 956 3114 baud
978 3055 1068 3115 dubie
1089 3055 1127 3113 ad
1149 3054 1375 3115 Alexandrinos

283 3143 467 3219 potissimum
483 3149 585 3219 poetas
602 3143 739 3218 respexit,
763 3144 813 3219 qui
832 3142 948 3218 saepius
966 3159 1031 3200 eam
1053 3142 1229 3200 sententiam
1246 3139 1375 3200 efferunt

283 3221 373 3298 (conf.
387 3228 418 3282 in
431 3227 534 3303 primis
544 3225 668 3285 Theocr.
678 3226 773 3285 XVII
788 3228 849 3284 120
862 3234 891 3285 et
899 3226 1006 3285 Philet.
1020 3226 1124 3303 fragm.
1135 3227 1154 3284 4
1165 3222 1371 3298 Schneidew.),

283 3311 373 3386 inque
392 3309 522 3368 eiusdem
539 3312 679 3388 poematii
695 3331 784 3370 versu
798 3312 838 3370 14
851 3310 931 3390 quod
941 3309 1011 3370 Orci
1022 3311 1160 3370 tenebras
1179 3312 1276 3370 omnia
1289 3308 1372 3368 bella

283 3392 426 3452 devorare
444 3395 494 3466 ait,
516 3395 709 3472 probabiliter
726 3397 829 3454 Bionis
846 3396 923 3455 illud
939 3397 956 3456 Ι
974 3397 1013 3454 55
1036 3389 1069 3455 τὸ
1093 3390 1123 3454 δὲ
1144 3397 1204 3454 πᾶν
1228 3385 1316 3454 καλὸν
1341 3391 1373 3462 ἐς·

282 3472 316 3535 oi
338 3483 481 3553 καταρρεῖ
498 3478 535 3537 de
552 3479 731 3557 Proserpina
752 3479 862 3540 dictum
883 3483 912 3540 ei
933 3482 1120 3543 obversatum
1141 3490 1194 3541 est.
1229 3480 1370 3539 hactenus

284 3562 322 3622 de
357 3565 517 3622 sententiis.
566 3566 626 3622 iam
661 3564 700 3623 ad
734 3565 844 3641 figuras
879 3569 1019 3626 orationis
1054 3568 1207 3626 transituri
1245 3568 1372 3645 primurn
1463 3607 1464 3614 ,

282 3647 509 3727 epbymniorum
526 3652 589 3708 sive
607 3669 744 3708 versuum
760 3651 979 3712 intercalarium
997 3672 1081 3711 usum
1099 3651 1267 3710 adferimus.
1302 3671 1371 3709 nam

282 3737 315 3794 in
337 3733 442 3812 epyllii
465 3732 503 3793 de
524 3736 635 3813 nuptiis
656 3733 741 3793 Pelei
767 3745 797 3794 et
818 3736 953 3796 Thetidis
980 3757 1015 3796 ea
1041 3748 1124 3816 parte
1150 3755 1226 3816 quae
1253 3753 1370 3796 carmen

281 3820 444 3878 Parcarum
462 3821 594 3878 eontinet
611 3818 690 3899 quod
708 3819 843 3880 Catullus
860 3841 977 3881 versum
995 3823 1074 3880 hunc
1093 3823 1214 3881 ‘currite
1232 3819 1371 3880 ducentes

282 3905 478 3982 subtegmina,
497 3907 612 3978 currite,
635 3903 707 3964 fusi’
727 3904 903 3966 duodeciens
921 3908 970 3966 vel
991 3907 1152 3967 tredeciens
1171 3908 1297 3984 repetiit,
1320 3905 1370 3965 du·

282 3989 365 4049 bium
391 4009 456 4064 esse
484 4011 546 4050 non
571 3997 667 4069 potest
692 3992 766 4071 quin
793 3991 960 4070 exemplum
989 4001 1143 4071 poetarum
1172 3991 1369 4051 bucolicorum

284 4084 399 4134 secutus
418 4078 463 4134 sit.
491 4085 579 4157 atque
598 4077 736 4135 convenit
753 4075 920 4136 Catulliano
939 4079 1062 4137 carmini
1080 4098 1146 4136 cum
1164 4078 1259 4156 primo
1276 4076 1369 4135 Tbeo-

281 4160 349 4217 criti
366 4159 470 4238 idyllio
488 4164 577 4222 etiam
594 4162 626 4221 in
640 4180 674 4222 eo
689 4160 768 4242 quod
781 4163 917 4241 strophae
934 4181 1022 4222 versu
1034 4161 1204 4222 intercalari
1218 4161 1371 4222 distinctae
