2954 4990
503 389 729 434 PROLEGOIOENA
1111 388 1171 430 nm

78 510 291 571 stabiliendam
309 511 387 569 hanc
405 512 602 570 coniecturam
615 509 722 582 61111111,
741 527 776 569 ea
793 511 882 568 11111116
895 508 975 568 levia
988 515 1056 567 sunt
1068 510 1174 566 omnia-

75 599 246 676 partimque
262 599 296 654 in
313 594 473 654 falsissima
491 594 528 655 de
546 615 569 654 c.
583 595 721 654 LXVIII
739 597 878 673 opinione
896 596 1037 652 nituntur.
1072 611 1170 672 neque

76 681 160 740 idem
177 702 206 760 p.
222 682 282 739 339
301 684 366 739 iure
383 699 509 757 negasse
526 681 600 740 mihi
616 679 734 739 videtur
751 678 789 738 de
806 680 842 738 Τ.
860 680 1011 758 Torquato
1029 697 1063 737 eo
1081 696 1169 757 quem

78 767 185 828 Cicero
204 787 229 824 6.
245 762 407 843 toaleam
425 775 497 824 orat.
514 785 568 844 pro
581 765 722 824 Deiotaro
736 763 754 838 §
769 765 807 822 32
829 764 984 842 ‘optimum
998 761 1169 822 adulescen-

74 852 152 912 tem’
168 851 291 911 dixisset
304 853 429 927 cogitari
441 869 534 930 possa,
554 853 694 931 quoniam
708 851 891 908 adulescentia
905 867 1013 908 nomen
1025 847 1172 907 latissime·

75 943 181 1016 patero
197 938 275 995 inter
293 955 395 995 omnes
413 943 536 995 constat.
572 934 651 1015 quod
668 953 738 994 vero
756 954 864 1013 sponsa
882 933 989 993 Manlii
1007 932 1171 994 Catulliani

74 1025 209 1101 primum
221 1040 250 1079 v.
266 1021 304 1078 16
319 1022 418 1092 Vinia,
437 1019 545 1080 deinde
558 1040 585 1077 v.
601 1020 641 1077 86
657 1040 678 1079 6.
692 1019 896 1079 Aurunculeia
908 1026 1040 1092 vocatur,
1059 1017 1170 1096 duplex

76 1125 189 1165 nomen
212 1106 397 1182 gentilicium
419 1104 592 1164 Schwabius
614 1125 643 1183 p.
662 1105 725 1163 334
747 1103 930 1180 Scaligerum
952 1111 1068 1164 secatus
1089 1101 1171 1161 haud

77 1191 171 1251 dubie
191 1199 270 1251 recte
290 1193 334 1250 ita
356 1191 519 1270 explicavit
544 1197 578 1248 ut
604 1208 670 1248 eam
692 1209 711 1248 a
731 1189 823 1248 Vinio
846 1188 974 1268 quodam
1001 1187 1171 1267 adoptatam

78 1295 145 1336 esse
162 1283 311 1335 statueret.

144 1361 211 1421 Iam
237 1361 274 1420 de
296 1361 390 1436 poetis
411 1379 473 1418 uon
499 1358 589 1417 nullis
613 1357 724 1417 Catulli
745 1357 940 1417 familiaribus
963 1356 1173 1436 exponendum

78 1453 133 1506 est.
174 1466 197 1505 6.
219 1444 345 1504 XXXV
366 1444 486 1503 Verona
508 1443 545 1502 ad
569 1443 732 1503 Caecilium
754 1443 1021 1515 Novocomensem‚
1044 1461 1171 1521 quocum

79 1530 219 1592 Catullus
236 1528 374 1608 conloqui
392 1528 538 1607 cupiebat,
560 1531 681 1587 missum
700 1535 751 1600 661,
776 1527 939 1607 docentque
962 1547 1015 1586 sex
1033 1525 1172 1586 versiculi

78 1617 207 1676 extremi
220 1614 303 1675 illum
318 1623 381 1672 tum
394 1621 530 1692 poemate
539 1613 667 1692 quodam
681 1615 713 1671 in
726 1613 868 1671 honorem
878 1612 1006 1691 Cybeles
1016 1610 1172 1671 scribendo
1183 1617 1188 1628 “

79 1708 256 1778 occupatum
275 1699 374 1758 fuisse.
401 1698 619 1778 quodquidam
638 1697 812 1777 opusculum
830 1699 906 1756 sitne
924 1697 1091 1757 absolutum
1107 1717 1172 1756 11111-

79 1806 169 1866 quam
188 1792 276 1864 atque
290 1784 401 1844 editum
415 1785 569 1855 nescimus,
589 1782 707 1862 quando
725 1785 820 1841 omnis
833 1785 895 1842 eius
913 1790 1017 1861 poetae
1031 1782 1174 1842 memoria

78 1871 145 1930 solo
166 1871 295 1929 carmine
313 1868 483 1929 Catulliano
506 1869 679 1927 continetur.
715 1888 775 1926 non
796 1871 927 1946 potuisse
949 1875 1048 1926 autem
1071 1867 1172 1927 Catul-

76 1957 143 2015 lum
160 1955 213 2013 1166
230 1953 495 2032 hendecasyllabos
513 1961 582 2012 61116
599 1973 711 2013 annum
726 1947 839 2030 695l59
855 1953 982 2012 scribere
996 1951 1170 2011 Schwabius

78 2063 109 2121 p.
126 2039 281 2099 29516616
299 2059 336 2098 ex
354 2041 631 2098 commemoratione
643 2039 723 2096 Novi
739 2037 824 2097 Comi
842 2038 948 2109 effecit,
967 2036 1046 2117 quod
1063 2054 1172 2096 nomen

80 2126 207 2188 Comum
225 2123 366 2203 oppidum
380 2142 414 2182 eo
429 2123 548 2182 demum
561 2131 691 2202 tempore
705 2125 837 2202 quinque
850 2122 982 2181 millibus
1001 2122 1172 2181 colonorum

77 2230 135 2291 per
153 2210 311 2270 Caesarem
328 2207 401 2266 illuc
418 2207 553 2268 deductis
572 2209 719 2285 accepisse
741 2209 848 2266 scimus
870 2203 959 2281 (conf.
977 2206 1172 2264 Drumannus

77 2296 141 2368 III,
163 2315 193 2374 p.
216 2295 277 2354 218
301 2301 330 2353 61
353 2290 436 2368 382).
454 2325 496 2334 -
514 2313 538 2351 c.
560 2293 735 2353 XXXVIII
757 2292 796 2350 ed
818 2292 1008 2352 Cornificium
1031 2293 1172 2370 scriptum

50 2447 53 2454 ,
79 2388 133 2442 est.
174 2379 253 2438 hunc
279 2396 343 2438 esse
369 2380 574 2454 cognominem
600 2387 718 2456 poetam
744 2377 848 2436 borum
874 2384 1051 2455 temporum,
1082 2396 1172 2456 quem

80 2464 209 2527 Ovidius
226 2465 300 2524 trist.
317 2464 351 2522 II
369 2465 430 2522 436
448 2466 526 2524 inter
543 2471 675 2523 auctores
697 2462 808 2522 levium
831 2464 994 2522 carminum
1017 2463 1172 2521 amatorio-

78 2571 148 2610 rum
157 2557 316 2622 enumerat,
332 2551 472 2628 cuiusque
481 2556 605 2608 mortem
613 2549 816 2626 Hieronymus
825 2547 864 2607 ad
873 2568 985 2608 annum
994 2545 1067 2606 Abr.
1078 2548 1170 2620 1976,

78 2638 100 2697 i.
120 2655 145 2695 e.
165 2635 277 2707 713141
298 2634 467 2713 adscripsit,
490 2654 525 2694 eo
542 2637 640 2692 minus
659 2633 788 2693 dubitari
805 2641 913 2713 potest,
933 2654 990 2713 quo
1009 2634 1116 2692 certius
1134 2651 1172 2692 ex

78 2721 192 2780 ultimis
214 2720 301 2779 huius
324 2721 462 2778 carminis
483 2719 637 2779 versiculis
659 2719 792 2786 Catullus
815 2717 853 2776 ad
875 2722 988 2778 socium
1010 2721 1080 2776 artis
1102 2719 1171 2777 scri-

79 2807 152 2866 bere
169 2807 364 2882 cognoscitur.
392 2806 443 2884 qui
461 2825 527 2863 cum
545 2806 673 2863 amicum
691 2804 748 2863 sibi
766 2805 896 2880 graviter
913 2805 1078 2879 aegrotanti
1095 2801 1172 2860 nihil

80 2891 185 2950 solacii
202 2891 336 2948 attulisse
354 2897 473 2968 questus
495 2891 541 2961 611,
564 2897 711 2968 postremo
733 2889 866 2967 paullum
883 2887 956 2967 quid
977 2886 1171 2945 adlocutionis

80 2976 236 3035 ‘maestius
253 2974 384 3032 lacrimis
397 2973 588 3032 Simonideis’
607 2975 645 3032 ab
664 2993 699 3033 eo
716 2973 853 3052 postulat,
872 2971 978 3051 quibus
995 2971 1093 3030 verbis
1111 2990 1172 3028 non

81 3067 182 3122 errant
217 3061 268 3137 qui
300 3057 451 3117 Catullum
486 3060 667 3137 poematium
701 3057 821 3136 aliquod
856 3056 895 3114 ad
930 3054 1172 3114 commovendam

79 3145 301 3206 miserationem
318 3145 414 3220 magis
432 3145 521 3202 etiam
543 3150 645 3220 aptum
661 3163 751 3222 quam
774 3141 912 3218 lugubria
930 3140 1091 3200 Simonidis
1110 3161 1171 3199 car·

79 3233 165 3290 1111116
178 3248 196 3287 6
209 3227 368 3288 Cornificio
381 3233 480 3306 petere
492 3236 685 3288 6161111111.-
699 3227 735 3287 de
746 3227 778 3286 C.
788 3227 898 3285 Helvio
913 3226 1010 3286 Cinna
1024 3226 1172 3305 Zmyrnae

81 3322 201 3376 auctore
222 3321 252 3373 et
270 3313 302 3374 C.
321 3314 455 3372 Memmii
476 3314 617 3391 praetoris
639 3333 701 3372 una
723 3333 789 3371 cum
808 3310 924 3370 Catullo
947 3314 978 3369 in
997 3311 1171 3390 Bithyniam

82 3403 189 3462 comite
205 3401 265 3458 iam
279 3418 367 3477 supra
380 3417 455 3477 quae
472 3401 637 3458 necessaria
651 3397 830 3457 videbantur
842 3396 935 3473 attuli.
972 3396 1078 3476 quibus
1091 3396 1171 3477 quod

82 3506 163 3546 nunc
180 3484 289 3544 addam
302 3505 363 3543 non
375 3483 470 3543 habeo
484 3485 543 3543 nisi
555 3504 648 3542 uuum
660 3483 724 3553 1166,
744 3485 926 3562 epigramma
939 3480 1015 3540 illud
1028 3483 1172 3562 Pompeio

81 3574 189 3631 iterum
207 3569 328 3630 consule
345 3568 457 3628 factum
475 3563 512 3643 (c.
532 3565 655 3643 CXIII)
673 3568 789 3628 Cinnae
805 3569 980 3646 inscriptum
997 3586 1069 3640 6666,
1091 3567 1172 3626 unde

81 3657 162 3717 hunc
178 3658 245 3734 pari
262 3663 365 3714 contra
377 3661 512 3733 potentes
528 3657 562 3713 in
573 3653 726 3733 republica
743 3653 811 3712 odio
826 3673 892 3712 611111
905 3660 993 3732 poeta
1005 3653 1172 3713 Veronensi

82 3744 271 3802 coniunctum
289 3740 379 3799 fuisse
392 3742 457 3798 iure
471 3738 627 3816 colligitur.
642 3771 685 3780 -
696 3742 755 3797 tria
769 3741 907 3810 carmina,
925 3738 1004 3798 XIV
1016 3737 1043 3795 L
1057 3736 1171 3810 XCVI,

83 3825 218 3888 Catullus
237 3824 276 3884 ad
290 3825 323 3885 C.
333 3824 485 3884 Licinium
499 3824 626 3884 Calvum
642 3831 787 3883 oratorem
805 3831 835 3883 61
851 3831 969 3902 poetam
982 3825 1071 3895 misit,
1089 3841 1172 3901 prae·

81 3921 164 3973 terea
182 3910 219 3971 de
236 3909 340 3970 eodem
357 3913 389 3969 in
408 3929 431 3968 6.
449 3910 527 3968 LIII
544 3911 613 3986 egit,
636 3916 761 3988 suntque
779 3917 917 3989 quattuor
933 3908 1007 3967 haec
1022 3909 1173 3986 poematia

81 4015 214 4058 summae
244 3999 323 4055 inter
350 4001 507 4074 utrumque
536 3993 746 4054 familiaritatis
780 3995 957 4053 testimonia.
997 4011 1035 4051 ex
1065 3993 1172 4071 quibus

82 4101 203 4144 carmen
219 4081 255 4154 L,
277 4083 418 4160 scriptum
435 4101 454 4139 a
472 4079 589 4140 Catullo
611 4079 752 4158 postridie
770 4100 858 4158 quam
879 4099 947 4137 curn
963 4078 1081 4136 Licinio
1104 4097 1172 4137 con-

81 4187 200 4247 gressus
232 4174 295 4226 erat
319 4166 503 4246 multumque
534 4165 687 4226 versiculis
716 4164 859 4224 faciendis
889 4163 1010 4238 luserat,
1041 4171 1173 4243 tempore
