<?xml version="1.0" encoding="UTF-8"?>
<!DOCTYPE html PUBLIC "-//W3C//DTD XHTML 1.0 Transitional//EN"
    "http://www.w3.org/TR/xhtml1/DTD/xhtml1-transitional.dtd">
<html xmlns="http://www.w3.org/1999/xhtml" xml:lang="en" lang="en">
 <head>
  <title>
</title>
<meta http-equiv="Content-Type" content="text/html;charset=utf-8" />
  <meta name='ocr-system' content='tesseract 3.04.00' />
  <meta name='ocr-capabilities' content='ocr_page ocr_carea ocr_par ocr_line ocrx_word'/>
</head>
<body>
  <div class='ocr_page' id='page_1' title='image "./carmina01schmgoog_0158.png"; bbox 0 0 2968 4990; ppageno 0'>
   <div class='ocr_carea' id='block_1_1' title="bbox 572 371 766 426">
    <p class='ocr_par' dir='ltr' id='par_1_1' title="bbox 572 371 766 426">
     <span class='ocr_line' id='line_1_1' title="bbox 572 371 766 426; baseline 0.01 -2"><span class='ocrx_word' id='word_1_1' title='bbox 572 371 687 426; x_wconf 88' lang='lat' dir='ltr'>LIBER</span> <span class='ocrx_word' id='word_1_2' title='bbox 762 377 766 383; x_wconf 92' lang='lat'>&#39;</span> 
     </span>
    </p>
   </div>
   <div class='ocr_carea' id='block_1_2' title="bbox 181 493 968 764">
    <p class='ocr_par' dir='ltr' id='par_1_2' title="bbox 181 493 968 764">
     <span class='ocr_line' id='line_1_2' title="bbox 182 493 968 577; baseline -0.001 -19"><span class='ocrx_word' id='word_1_3' title='bbox 182 493 238 560; x_wconf 88' lang='lat' dir='ltr'>sed</span> <span class='ocrx_word' id='word_1_4' title='bbox 256 493 338 559; x_wconf 93' lang='lat' dir='ltr'>bello</span> <span class='ocrx_word' id='word_1_5' title='bbox 356 493 431 558; x_wconf 92' lang='lat' dir='ltr'>huic</span> <span class='ocrx_word' id='word_1_6' title='bbox 448 516 552 577; x_wconf 88' lang='lat' dir='ltr'>neque</span> <span class='ocrx_word' id='word_1_7' title='bbox 571 516 680 558; x_wconf 89' lang='lat' dir='ltr'>servus</span> <span class='ocrx_word' id='word_1_8' title='bbox 700 502 747 559; x_wconf 89' lang='lat' dir='ltr'>est</span> <span class='ocrx_word' id='word_1_9' title='bbox 764 513 868 576; x_wconf 89' lang='lat' dir='ltr'>neque</span> <span class='ocrx_word' id='word_1_10' title='bbox 887 514 968 558; x_wconf 86' lang='lat' dir='ltr'>arca.</span> 
     </span>
     <span class='ocr_line' id='line_1_3' title="bbox 181 587 808 671; baseline -0.002 -20"><span class='ocrx_word' id='word_1_11' title='bbox 181 587 242 653; x_wconf 90' lang='lat' dir='ltr'>hoc</span> <span class='ocrx_word' id='word_1_12' title='bbox 260 599 295 651; x_wconf 87' lang='lat' dir='ltr'>tu</span> <span class='ocrx_word' id='word_1_13' title='bbox 313 609 409 670; x_wconf 90' lang='lat' dir='ltr'>quam</span> <span class='ocrx_word' id='word_1_14' title='bbox 427 588 516 654; x_wconf 93' lang='lat' dir='ltr'>lubet</span> <span class='ocrx_word' id='word_1_15' title='bbox 533 589 623 654; x_wconf 87' lang='lat' dir='ltr'>abice</span> <span class='ocrx_word' id='word_1_16' title='bbox 642 588 808 671; x_wconf 84' lang='lat' dir='ltr'>elevaque:</span> 
     </span>
     <span class='ocr_line' id='line_1_4' title="bbox 183 680 955 764; baseline -0.004 -18"><span class='ocrx_word' id='word_1_17' title='bbox 183 703 243 746; x_wconf 93' lang='lat' dir='ltr'>nec</span> <span class='ocrx_word' id='word_1_18' title='bbox 261 703 389 747; x_wconf 87' lang='lat' dir='ltr'>servum</span> <span class='ocrx_word' id='word_1_19' title='bbox 406 692 513 748; x_wconf 86' lang='lat' dir='ltr'>tamen</span> <span class='ocrx_word' id='word_1_20' title='bbox 530 682 585 748; x_wconf 93' lang='lat' dir='ltr'>ille</span> <span class='ocrx_word' id='word_1_21' title='bbox 602 680 698 746; x_wconf 92' lang='lat' dir='ltr'>habet</span> <span class='ocrx_word' id='word_1_22' title='bbox 716 702 821 764; x_wconf 89' lang='lat' dir='ltr'>neque</span> <span class='ocrx_word' id='word_1_23' title='bbox 838 701 955 744; x_wconf 86' lang='lat' dir='ltr'>arcam.</span> 
     </span>
    </p>
   </div>
   <div class='ocr_carea' id='block_1_3' title="bbox 569 1003 684 1069">
    <p class='ocr_par' dir='ltr' id='par_1_3' title="bbox 569 1003 684 1069">
     <span class='ocr_line' id='line_1_5' title="bbox 569 1003 684 1069; baseline 0 -1"><span class='ocrx_word' id='word_1_24' title='bbox 569 1003 684 1069; x_wconf 91' lang='lat' dir='ltr'>XXV.</span> 
     </span>
    </p>
   </div>
   <div class='ocr_carea' id='block_1_4' title="bbox 181 1120 1198 2332">
    <p class='ocr_par' dir='ltr' id='par_1_4' title="bbox 183 1120 898 1207">
     <span class='ocr_line' id='line_1_6' title="bbox 183 1120 898 1207; baseline 0 -21"><span class='ocrx_word' id='word_1_25' title='bbox 183 1120 325 1188; x_wconf 83' lang='lat' dir='ltr'>Cinaede</span> <span class='ocrx_word' id='word_1_26' title='bbox 343 1123 467 1198; x_wconf 83' lang='lat' dir='ltr'>Thalle,</span> <span class='ocrx_word' id='word_1_27' title='bbox 485 1123 609 1187; x_wconf 92' lang='lat' dir='ltr'>mollior</span> <span class='ocrx_word' id='word_1_28' title='bbox 627 1122 766 1188; x_wconf 91' lang='lat' dir='ltr'>cuniculi</span> <span class='ocrx_word' id='word_1_29' title='bbox 784 1121 898 1207; x_wconf 87' lang='lat' dir='ltr'>capillo</span> 
     </span>
    </p>

    <p class='ocr_par' dir='ltr' id='par_1_5' title="bbox 182 1215 909 1282">
     <span class='ocr_line' id='line_1_7' title="bbox 182 1215 909 1282; baseline 0 -3"><span class='ocrx_word' id='word_1_30' title='bbox 182 1216 234 1280; x_wconf 94' lang='lat' dir='ltr'>vel</span> <span class='ocrx_word' id='word_1_31' title='bbox 253 1218 371 1282; x_wconf 85' lang='lat' dir='ltr'>anseris</span> <span class='ocrx_word' id='word_1_32' title='bbox 390 1215 564 1282; x_wconf 89' lang='lat' dir='ltr'>medullula</span> <span class='ocrx_word' id='word_1_33' title='bbox 582 1217 632 1282; x_wconf 95' lang='lat' dir='ltr'>vel</span> <span class='ocrx_word' id='word_1_34' title='bbox 650 1217 749 1280; x_wconf 93' lang='lat' dir='ltr'>imula</span> <span class='ocrx_word' id='word_1_35' title='bbox 766 1216 909 1280; x_wconf 85' lang='lat' dir='ltr'>auricilla</span> 
     </span>
    </p>

    <p class='ocr_par' dir='ltr' id='par_1_6' title="bbox 181 1303 996 1395">
     <span class='ocr_line' id='line_1_8' title="bbox 181 1303 996 1395; baseline 0.001 -24"><span class='ocrx_word' id='word_1_36' title='bbox 181 1309 233 1372; x_wconf 93' lang='lat' dir='ltr'>vel</span> <span class='ocrx_word' id='word_1_37' title='bbox 250 1332 332 1395; x_wconf 91' lang='lat' dir='ltr'>pene</span> <span class='ocrx_word' id='word_1_38' title='bbox 349 1310 501 1394; x_wconf 89' lang='lat' dir='ltr'>languido</span> <span class='ocrx_word' id='word_1_39' title='bbox 519 1310 603 1374; x_wconf 91' lang='lat' dir='ltr'>senis</span> <span class='ocrx_word' id='word_1_40' title='bbox 622 1309 747 1393; x_wconf 90' lang='lat' dir='ltr'>situque</span> <span class='ocrx_word' id='word_1_41' title='bbox 765 1331 929 1385; x_wconf 89' lang='lat' dir='ltr'>araneoso,</span> <span class='ocrx_word' id='word_1_42' title='bbox 990 1303 996 1316; x_wconf 62' lang='lat'>⁸</span> 
     </span>
    </p>

    <p class='ocr_par' dir='ltr' id='par_1_7' title="bbox 181 1401 934 1488">
     <span class='ocr_line' id='line_1_9' title="bbox 181 1401 934 1488; baseline 0 -23"><span class='ocrx_word' id='word_1_43' title='bbox 181 1401 329 1486; x_wconf 91' lang='lat' dir='ltr'>idemque</span> <span class='ocrx_word' id='word_1_44' title='bbox 347 1403 461 1468; x_wconf 83' lang='lat' dir='ltr'>Thalle</span> <span class='ocrx_word' id='word_1_45' title='bbox 479 1402 605 1468; x_wconf 88' lang='lat' dir='ltr'>turbida</span> <span class='ocrx_word' id='word_1_46' title='bbox 622 1402 767 1488; x_wconf 84' lang='lat' dir='ltr'>rapacior</span> <span class='ocrx_word' id='word_1_47' title='bbox 784 1403 934 1488; x_wconf 90' lang='lat' dir='ltr'>procella,</span> 
     </span>
    </p>

    <p class='ocr_par' dir='ltr' id='par_1_8' title="bbox 182 1496 1180 1864">
     <span class='ocr_line' id='line_1_10' title="bbox 183 1496 1180 1577; baseline 0 -18"><span class='ocrx_word' id='word_1_48' title='bbox 183 1518 256 1560; x_wconf 92' lang='lat' dir='ltr'>cum</span> <span class='ocrx_word' id='word_1_49' title='bbox 275 1497 349 1561; x_wconf 90' lang='lat' dir='ltr'>diva</span> <span class='ocrx_word' id='word_1_50' title='bbox 366 1500 383 1577; x_wconf 91' lang='lat'>†</span> <span class='ocrx_word' id='word_1_51' title='bbox 400 1497 598 1574; x_wconf 86' lang='lat' dir='ltr'>mulierarios</span> <span class='ocrx_word' id='word_1_52' title='bbox 617 1496 754 1561; x_wconf 85' lang='lat' dir='ltr'>ostendit</span> <span class='ocrx_word' id='word_1_53' title='bbox 772 1496 952 1572; x_wconf 83' lang='lat' dir='ltr'>oscitantes,</span> <span class='ocrx_word' id='word_1_54' title='bbox 1159 1511 1180 1568; x_wconf 80' lang='lat'><strong>5</strong></span> 
     </span>
     <span class='ocr_line' id='line_1_11' title="bbox 182 1589 966 1675; baseline -0.001 -22"><span class='ocrx_word' id='word_1_55' title='bbox 182 1590 306 1655; x_wconf 88' lang='lat' dir='ltr'>remitte</span> <span class='ocrx_word' id='word_1_56' title='bbox 324 1591 454 1675; x_wconf 88' lang='lat' dir='ltr'>pallium</span> <span class='ocrx_word' id='word_1_57' title='bbox 473 1591 550 1655; x_wconf 88' lang='lat' dir='ltr'>mihi</span> <span class='ocrx_word' id='word_1_58' title='bbox 569 1613 686 1667; x_wconf 92' lang='lat' dir='ltr'>meum,</span> <span class='ocrx_word' id='word_1_59' title='bbox 706 1590 791 1672; x_wconf 93' lang='lat' dir='ltr'>quod</span> <span class='ocrx_word' id='word_1_60' title='bbox 809 1589 966 1665; x_wconf 88' lang='lat' dir='ltr'>involasti,</span> 
     </span>
     <span class='ocr_line' id='line_1_12' title="bbox 183 1683 1056 1770; baseline 0.001 -23"><span class='ocrx_word' id='word_1_61' title='bbox 183 1684 409 1768; x_wconf 88' lang='lat' dir='ltr'>sudariumque</span> <span class='ocrx_word' id='word_1_62' title='bbox 428 1683 605 1751; x_wconf 85' lang='lat' dir='ltr'>Saetabum</span> <span class='ocrx_word' id='word_1_63' title='bbox 623 1683 896 1770; x_wconf 86' lang='lat' dir='ltr'>catagraphosque</span> <span class='ocrx_word' id='word_1_64' title='bbox 914 1683 1056 1768; x_wconf 82' lang='lat' dir='ltr'>Thynos,</span> 
     </span>
     <span class='ocr_line' id='line_1_13' title="bbox 182 1777 1056 1864; baseline 0.002 -23"><span class='ocrx_word' id='word_1_65' title='bbox 182 1777 300 1864; x_wconf 89' lang='lat' dir='ltr'>inepte,</span> <span class='ocrx_word' id='word_1_66' title='bbox 323 1800 405 1861; x_wconf 92' lang='lat' dir='ltr'>quae</span> <span class='ocrx_word' id='word_1_67' title='bbox 422 1780 529 1864; x_wconf 87' lang='lat' dir='ltr'>palam</span> <span class='ocrx_word' id='word_1_68' title='bbox 546 1778 627 1843; x_wconf 87' lang='lat' dir='ltr'>soles</span> <span class='ocrx_word' id='word_1_69' title='bbox 645 1777 763 1842; x_wconf 92' lang='lat' dir='ltr'>habere</span> <span class='ocrx_word' id='word_1_70' title='bbox 781 1788 944 1860; x_wconf 92' lang='lat' dir='ltr'>tamquam</span> <span class='ocrx_word' id='word_1_71' title='bbox 962 1778 1056 1843; x_wconf 87' lang='lat' dir='ltr'>avita.</span> 
     </span>
    </p>

    <p class='ocr_par' dir='ltr' id='par_1_9' title="bbox 183 1870 1065 1958">
     <span class='ocr_line' id='line_1_14' title="bbox 183 1870 1065 1958; baseline 0.003 -23"><span class='ocrx_word' id='word_1_72' title='bbox 183 1892 266 1955; x_wconf 91' lang='lat' dir='ltr'>quae</span> <span class='ocrx_word' id='word_1_73' title='bbox 283 1895 368 1938; x_wconf 91' lang='lat' dir='ltr'>nunc</span> <span class='ocrx_word' id='word_1_74' title='bbox 385 1873 448 1938; x_wconf 92' lang='lat' dir='ltr'>tuis</span> <span class='ocrx_word' id='word_1_75' title='bbox 466 1872 508 1937; x_wconf 88' lang='lat' dir='ltr'>ab</span> <span class='ocrx_word' id='word_1_76' title='bbox 526 1870 687 1958; x_wconf 90' lang='lat' dir='ltr'>unguibus</span> <span class='ocrx_word' id='word_1_77' title='bbox 705 1871 864 1956; x_wconf 86' lang='lat' dir='ltr'>reglutina</span> <span class='ocrx_word' id='word_1_78' title='bbox 881 1882 912 1936; x_wconf 89' lang='lat' dir='ltr'>et</span> <span class='ocrx_word' id='word_1_79' title='bbox 929 1873 1065 1950; x_wconf 88' lang='lat' dir='ltr'>remitte,</span> 
     </span>
    </p>

    <p class='ocr_par' dir='ltr' id='par_1_10' title="bbox 182 1964 1198 2145">
     <span class='ocr_line' id='line_1_15' title="bbox 183 1964 1198 2048; baseline 0.006 -19"><span class='ocrx_word' id='word_1_80' title='bbox 183 1986 224 2030; x_wconf 90' lang='lat' dir='ltr'>ne</span> <span class='ocrx_word' id='word_1_81' title='bbox 242 1967 368 2031; x_wconf 91' lang='lat' dir='ltr'>laneum</span> <span class='ocrx_word' id='word_1_82' title='bbox 385 1967 577 2031; x_wconf 86' lang='lat' dir='ltr'>latusculum</span> <span class='ocrx_word' id='word_1_83' title='bbox 595 1986 770 2048; x_wconf 89' lang='lat' dir='ltr'>manusque</span> <span class='ocrx_word' id='word_1_84' title='bbox 788 1964 973 2032; x_wconf 90' lang='lat' dir='ltr'>mollicellas</span> <span class='ocrx_word' id='word_1_85' title='bbox 1160 1980 1198 2036; x_wconf 84' lang='lat'>10</span> 
     </span>
     <span class='ocr_line' id='line_1_16' title="bbox 182 2058 923 2145; baseline -0.003 -21"><span class='ocrx_word' id='word_1_86' title='bbox 182 2060 289 2124; x_wconf 87' lang='lat' dir='ltr'>inusta</span> <span class='ocrx_word' id='word_1_87' title='bbox 307 2061 440 2145; x_wconf 92' lang='lat' dir='ltr'>turpiter</span> <span class='ocrx_word' id='word_1_88' title='bbox 457 2061 515 2124; x_wconf 90' lang='lat' dir='ltr'>tibi</span> <span class='ocrx_word' id='word_1_89' title='bbox 533 2059 661 2144; x_wconf 87' lang='lat' dir='ltr'>flagella</span> <span class='ocrx_word' id='word_1_90' title='bbox 679 2058 923 2135; x_wconf 86' lang='lat' dir='ltr'>consoribilleut,</span> 
     </span>
    </p>

    <p class='ocr_par' dir='ltr' id='par_1_11' title="bbox 185 2153 929 2238">
     <span class='ocr_line' id='line_1_17' title="bbox 185 2153 929 2238; baseline -0.004 -19"><span class='ocrx_word' id='word_1_91' title='bbox 185 2164 217 2219; x_wconf 90' lang='lat' dir='ltr'>et</span> <span class='ocrx_word' id='word_1_92' title='bbox 235 2154 406 2220; x_wconf 89' lang='lat' dir='ltr'>insolenter</span> <span class='ocrx_word' id='word_1_93' title='bbox 424 2163 549 2218; x_wconf 89' lang='lat' dir='ltr'>aestues</span> <span class='ocrx_word' id='word_1_94' title='bbox 567 2153 654 2217; x_wconf 89' lang='lat' dir='ltr'>velut</span> <span class='ocrx_word' id='word_1_95' title='bbox 672 2153 794 2216; x_wconf 89' lang='lat' dir='ltr'>minuta</span> <span class='ocrx_word' id='word_1_96' title='bbox 811 2174 929 2238; x_wconf 89' lang='lat' dir='ltr'>magno</span> 
     </span>
    </p>

    <p class='ocr_par' dir='ltr' id='par_1_12' title="bbox 183 2245 920 2332">
     <span class='ocr_line' id='line_1_18' title="bbox 183 2245 920 2332; baseline -0.001 -20"><span class='ocrx_word' id='word_1_97' title='bbox 183 2247 341 2332; x_wconf 86' lang='lat' dir='ltr'>deprensa</span> <span class='ocrx_word' id='word_1_98' title='bbox 357 2248 447 2312; x_wconf 88' lang='lat' dir='ltr'>navis</span> <span class='ocrx_word' id='word_1_99' title='bbox 464 2248 498 2311; x_wconf 89' lang='lat' dir='ltr'>iu</span> <span class='ocrx_word' id='word_1_100' title='bbox 516 2247 596 2311; x_wconf 92' lang='lat' dir='ltr'>mari</span> <span class='ocrx_word' id='word_1_101' title='bbox 613 2245 797 2310; x_wconf 85' lang='lat' dir='ltr'>vesaniente</span> <span class='ocrx_word' id='word_1_102' title='bbox 814 2257 920 2311; x_wconf 90' lang='lat' dir='ltr'>vento.</span> 
     </span>
    </p>
   </div>
   <div class='ocr_carea' id='block_1_5' title="bbox 562 2561 696 2627">
    <p class='ocr_par' dir='ltr' id='par_1_13' title="bbox 562 2561 696 2627">
     <span class='ocr_line' id='line_1_19' title="bbox 562 2561 696 2627; baseline -0.007 -1"><span class='ocrx_word' id='word_1_103' title='bbox 562 2561 696 2627; x_wconf 88' lang='lat' dir='ltr'>XXVI.</span> 
     </span>
    </p>
   </div>
   <div class='ocr_carea' id='block_1_6' title="bbox 215 2679 963 3140">
    <p class='ocr_par' dir='ltr' id='par_1_14' title="bbox 247 2679 845 2759">
     <span class='ocr_line' id='line_1_20' title="bbox 247 2679 845 2759; baseline -0.005 -13"><span class='ocrx_word' id='word_1_104' title='bbox 247 2681 336 2759; x_wconf 89' lang='lat' dir='ltr'>Furi,</span> <span class='ocrx_word' id='word_1_105' title='bbox 355 2681 464 2746; x_wconf 90' lang='lat' dir='ltr'>villula</span> <span class='ocrx_word' id='word_1_106' title='bbox 481 2692 587 2746; x_wconf 87' lang='lat' dir='ltr'>vestra</span> <span class='ocrx_word' id='word_1_107' title='bbox 604 2703 668 2745; x_wconf 93' lang='lat' dir='ltr'>nou</span> <span class='ocrx_word' id='word_1_108' title='bbox 687 2680 728 2744; x_wconf 92' lang='lat' dir='ltr'>ad</span> <span class='ocrx_word' id='word_1_109' title='bbox 746 2679 845 2744; x_wconf 87' lang='lat' dir='ltr'>austri</span> 
     </span>
    </p>

    <p class='ocr_par' dir='ltr' id='par_1_15' title="bbox 247 2772 874 2860">
     <span class='ocr_line' id='line_1_21' title="bbox 247 2772 874 2860; baseline -0.006 -20"><span class='ocrx_word' id='word_1_110' title='bbox 247 2777 340 2840; x_wconf 89' lang='lat' dir='ltr'>flatus</span> <span class='ocrx_word' id='word_1_111' title='bbox 359 2774 504 2860; x_wconf 88' lang='lat' dir='ltr'>opposita</span> <span class='ocrx_word' id='word_1_112' title='bbox 521 2786 569 2839; x_wconf 91' lang='lat' dir='ltr'>est</span> <span class='ocrx_word' id='word_1_113' title='bbox 585 2795 689 2858; x_wconf 92' lang='lat' dir='ltr'>neque</span> <span class='ocrx_word' id='word_1_114' title='bbox 707 2773 747 2837; x_wconf 92' lang='lat' dir='ltr'>ad</span> <span class='ocrx_word' id='word_1_115' title='bbox 766 2772 874 2839; x_wconf 89' lang='lat' dir='ltr'>favoni</span> 
     </span>
    </p>

    <p class='ocr_par' dir='ltr' id='par_1_16' title="bbox 215 2867 952 3044">
     <span class='ocr_line' id='line_1_22' title="bbox 247 2867 802 2952; baseline -0.005 -18"><span class='ocrx_word' id='word_1_116' title='bbox 247 2890 308 2935; x_wconf 89' lang='lat' dir='ltr'>nec</span> <span class='ocrx_word' id='word_1_117' title='bbox 325 2868 412 2934; x_wconf 89' lang='lat' dir='ltr'>saevi</span> <span class='ocrx_word' id='word_1_118' title='bbox 430 2868 545 2932; x_wconf 90' lang='lat' dir='ltr'>boreae</span> <span class='ocrx_word' id='word_1_119' title='bbox 564 2879 619 2932; x_wconf 88' lang='lat' dir='ltr'>aut</span> <span class='ocrx_word' id='word_1_120' title='bbox 636 2867 802 2952; x_wconf 90' lang='lat' dir='ltr'>apeliotae,</span> 
     </span>
     <span class='ocr_line' id='line_1_23' title="bbox 215 2959 952 3044; baseline -0.004 -16"><span class='ocrx_word' id='word_1_121' title='bbox 215 2984 360 3028; x_wconf 54' lang='lat' dir='ltr'>*verum</span> <span class='ocrx_word' id='word_1_122' title='bbox 379 2961 419 3026; x_wconf 91' lang='lat' dir='ltr'>ad</span> <span class='ocrx_word' id='word_1_123' title='bbox 437 2960 525 3026; x_wconf 91' lang='lat' dir='ltr'>milia</span> <span class='ocrx_word' id='word_1_124' title='bbox 542 2961 722 3044; x_wconf 90' lang='lat' dir='ltr'>quindecim</span> <span class='ocrx_word' id='word_1_125' title='bbox 741 2971 773 3024; x_wconf 90' lang='lat' dir='ltr'>et</span> <span class='ocrx_word' id='word_1_126' title='bbox 790 2959 952 3025; x_wconf 84' lang='lat' dir='ltr'>ducentos.</span> 
     </span>
    </p>

    <p class='ocr_par' dir='ltr' id='par_1_17' title="bbox 248 3053 963 3140">
     <span class='ocr_line' id='line_1_24' title="bbox 248 3053 963 3140; baseline -0.007 -16"><span class='ocrx_word' id='word_1_127' title='bbox 248 3079 268 3123; x_wconf 91' lang='lat'><strong>0</strong></span> <span class='ocrx_word' id='word_1_128' title='bbox 286 3067 417 3124; x_wconf 87' lang='lat' dir='ltr'>ventum</span> <span class='ocrx_word' id='word_1_129' title='bbox 435 3054 619 3121; x_wconf 90' lang='lat' dir='ltr'>horribilem</span> <span class='ocrx_word' id='word_1_130' title='bbox 637 3064 733 3138; x_wconf 90' lang='lat' dir='ltr'>atque</span> <span class='ocrx_word' id='word_1_131' title='bbox 750 3053 963 3140; x_wconf 88' lang='lat' dir='ltr'>pestilenteml</span> 
     </span>
    </p>
   </div>
   <div class='ocr_carea' id='block_1_7' title="bbox 552 3369 703 3437">
    <p class='ocr_par' dir='ltr' id='par_1_18' title="bbox 552 3369 703 3437">
     <span class='ocr_line' id='line_1_25' title="bbox 552 3369 703 3437; baseline 0.013 -2"><span class='ocrx_word' id='word_1_132' title='bbox 552 3369 703 3437; x_wconf 87' lang='lat' dir='ltr'>XXVII.</span> 
     </span>
    </p>
   </div>
   <div class='ocr_carea' id='block_1_8' title="bbox 247 3488 1180 4140">
    <p class='ocr_par' dir='ltr' id='par_1_19' title="bbox 248 3488 768 3576">
     <span class='ocr_line' id='line_1_26' title="bbox 248 3488 768 3576; baseline -0.006 -19"><span class='ocrx_word' id='word_1_133' title='bbox 248 3491 398 3557; x_wconf 84' lang='lat' dir='ltr'>Minister</span> <span class='ocrx_word' id='word_1_134' title='bbox 416 3490 515 3556; x_wconf 92' lang='lat' dir='ltr'>vetuli</span> <span class='ocrx_word' id='word_1_135' title='bbox 532 3512 612 3576; x_wconf 89' lang='lat' dir='ltr'>puer</span> <span class='ocrx_word' id='word_1_136' title='bbox 628 3488 768 3565; x_wconf 81' lang='lat' dir='ltr'>Falerni,</span> 
     </span>
    </p>

    <p class='ocr_par' dir='ltr' id='par_1_20' title="bbox 247 3584 727 3671">
     <span class='ocr_line' id='line_1_27' title="bbox 247 3584 727 3671; baseline -0.004 -21"><span class='ocrx_word' id='word_1_137' title='bbox 247 3587 337 3671; x_wconf 86' lang='lat' dir='ltr'>inger</span> <span class='ocrx_word' id='word_1_138' title='bbox 354 3585 399 3650; x_wconf 93' lang='lat' dir='ltr'>mi</span> <span class='ocrx_word' id='word_1_139' title='bbox 416 3584 528 3650; x_wconf 90' lang='lat' dir='ltr'>calices</span> <span class='ocrx_word' id='word_1_140' title='bbox 547 3584 727 3660; x_wconf 88' lang='lat' dir='ltr'>amariores,</span> 
     </span>
    </p>

    <p class='ocr_par' dir='ltr' id='par_1_21' title="bbox 248 3675 856 3763">
     <span class='ocr_line' id='line_1_28' title="bbox 248 3675 856 3763; baseline -0.003 -18"><span class='ocrx_word' id='word_1_141' title='bbox 248 3691 285 3745; x_wconf 89' lang='lat' dir='ltr'>ut</span> <span class='ocrx_word' id='word_1_142' title='bbox 301 3681 353 3745; x_wconf 88' lang='lat' dir='ltr'>lex</span> <span class='ocrx_word' id='word_1_143' title='bbox 369 3678 553 3744; x_wconf 88' lang='lat' dir='ltr'>Postumiae</span> <span class='ocrx_word' id='word_1_144' title='bbox 571 3678 659 3742; x_wconf 92' lang='lat' dir='ltr'>iubet</span> <span class='ocrx_word' id='word_1_145' title='bbox 675 3675 856 3763; x_wconf 88' lang='lat' dir='ltr'>magistrae,</span> 
     </span>
    </p>

    <p class='ocr_par' dir='ltr' id='par_1_22' title="bbox 249 3771 690 3839">
     <span class='ocr_line' id='line_1_29' title="bbox 249 3771 690 3839; baseline -0.009 0"><span class='ocrx_word' id='word_1_146' title='bbox 249 3774 373 3839; x_wconf 93' lang='lat' dir='ltr'>ebrioso</span> <span class='ocrx_word' id='word_1_147' title='bbox 392 3772 483 3838; x_wconf 89' lang='lat' dir='ltr'>acino</span> <span class='ocrx_word' id='word_1_148' title='bbox 500 3771 690 3837; x_wconf 87' lang='lat' dir='ltr'>ebriosioris.</span> 
     </span>
    </p>

    <p class='ocr_par' dir='ltr' id='par_1_23' title="bbox 249 3863 1180 4046">
     <span class='ocr_line' id='line_1_30' title="bbox 249 3863 1180 3951; baseline 0.001 -19"><span class='ocrx_word' id='word_1_149' title='bbox 249 3878 282 3932; x_wconf 83' lang='lat' dir='ltr'>at</span> <span class='ocrx_word' id='word_1_150' title='bbox 298 3888 354 3932; x_wconf 90' lang='lat' dir='ltr'>vos</span> <span class='ocrx_word' id='word_1_151' title='bbox 372 3889 435 3951; x_wconf 93' lang='lat' dir='ltr'>quo</span> <span class='ocrx_word' id='word_1_152' title='bbox 452 3867 542 3932; x_wconf 92' lang='lat' dir='ltr'>lubet</span> <span class='ocrx_word' id='word_1_153' title='bbox 558 3865 632 3930; x_wconf 90' lang='lat' dir='ltr'>hinc</span> <span class='ocrx_word' id='word_1_154' title='bbox 649 3866 744 3942; x_wconf 88' lang='lat' dir='ltr'>abite,</span> <span class='ocrx_word' id='word_1_155' title='bbox 762 3863 922 3950; x_wconf 87' lang='lat' dir='ltr'>lymphae,</span> <span class='ocrx_word' id='word_1_156' title='bbox 1159 3878 1180 3933; x_wconf 73' lang='grc' dir='ltr'>ὁ</span> 
     </span>
     <span class='ocr_line' id='line_1_31' title="bbox 249 3959 754 4046; baseline -0.006 -20"><span class='ocrx_word' id='word_1_157' title='bbox 249 3961 315 4026; x_wconf 87' lang='lat' dir='ltr'>vini</span> <span class='ocrx_word' id='word_1_158' title='bbox 333 3960 498 4046; x_wconf 88' lang='lat' dir='ltr'>pernicies,</span> <span class='ocrx_word' id='word_1_159' title='bbox 517 3970 550 4024; x_wconf 88' lang='lat' dir='ltr'>et</span> <span class='ocrx_word' id='word_1_160' title='bbox 567 3959 608 4024; x_wconf 91' lang='lat' dir='ltr'>ad</span> <span class='ocrx_word' id='word_1_161' title='bbox 627 3981 754 4025; x_wconf 88' lang='lat' dir='ltr'>severos</span> 
     </span>
    </p>

    <p class='ocr_par' dir='ltr' id='par_1_24' title="bbox 247 4050 893 4140">
     <span class='ocr_line' id='line_1_32' title="bbox 247 4050 893 4140; baseline -0.006 -22"><span class='ocrx_word' id='word_1_162' title='bbox 247 4055 395 4140; x_wconf 85' lang='lat' dir='ltr'>migrata:</span> <span class='ocrx_word' id='word_1_163' title='bbox 417 4054 469 4120; x_wconf 92' lang='lat' dir='ltr'>hic</span> <span class='ocrx_word' id='word_1_164' title='bbox 486 4076 592 4119; x_wconf 77' lang='lat' dir='ltr'>merus</span> <span class='ocrx_word' id='word_1_165' title='bbox 610 4062 659 4118; x_wconf 86' lang='lat' dir='ltr'>est</span> <span class='ocrx_word' id='word_1_166' title='bbox 675 4050 893 4138; x_wconf 87' lang='lat' dir='ltr'>Thyonianus.</span> 
     </span>
    </p>
   </div>
   <div class='ocr_carea' id='block_1_9' title="bbox 550 4189 721 4202">
    <p class='ocr_par' dir='ltr' id='par_1_25' title="bbox 550 4189 721 4202">
     <span class='ocr_line' id='line_1_33' title="bbox 550 4189 721 4202; baseline -0.012 0"><span class='ocrx_word' id='word_1_167' title='bbox 550 4189 721 4202; x_wconf 61' lang='lat' dir='ltr'>nnn-n</span> 
     </span>
    </p>
   </div>
   <div class='ocr_carea' id='block_1_10' title="bbox 0 0 1491 4990">
    <p class='ocr_par' dir='ltr' id='par_1_26' title="bbox 0 0 1491 4990">
     <span class='ocr_line' id='line_1_34' title="bbox 0 0 1491 4990; baseline 0 0"><span class='ocrx_word' id='word_1_168' title='bbox 0 0 1491 4990; x_wconf 95' lang='lat' dir='ltr'> </span> 
     </span>
    </p>
   </div>
  </div>
 </body>
</html>
