<?xml version="1.0" encoding="UTF-8"?>
<!DOCTYPE html PUBLIC "-//W3C//DTD XHTML 1.0 Transitional//EN"
    "http://www.w3.org/TR/xhtml1/DTD/xhtml1-transitional.dtd">
<html xmlns="http://www.w3.org/1999/xhtml" xml:lang="en" lang="en">
 <head>
  <title>
</title>
<meta http-equiv="Content-Type" content="text/html;charset=utf-8" />
  <meta name='ocr-system' content='tesseract 3.04.00' />
  <meta name='ocr-capabilities' content='ocr_page ocr_carea ocr_par ocr_line ocrx_word'/>
</head>
<body>
  <div class='ocr_page' id='page_1' title='image "./carmina01schmgoog_0090.png"; bbox 0 0 2968 4990; ppageno 0'>
   <div class='ocr_carea' id='block_1_1' title="bbox 530 386 1192 430">
    <p class='ocr_par' dir='ltr' id='par_1_1' title="bbox 530 386 1192 430">
     <span class='ocr_line' id='line_1_1' title="bbox 530 386 1192 430; baseline 0.008 -5"><span class='ocrx_word' id='word_1_1' title='bbox 530 386 758 428; x_wconf 71' lang='lat' dir='ltr'>Puoffluouuua</span> <span class='ocrx_word' id='word_1_2' title='bbox 1074 389 1192 430; x_wconf 77' lang='lat' dir='ltr'>LXXXIII</span> 
     </span>
    </p>
   </div>
   <div class='ocr_carea' id='block_1_2' title="bbox 90 502 1190 585">
    <p class='ocr_par' dir='ltr' id='par_1_2' title="bbox 90 502 1190 585">
     <span class='ocr_line' id='line_1_2' title="bbox 90 502 1190 585; baseline 0.005 -24"><span class='ocrx_word' id='word_1_3' title='bbox 90 506 226 580; x_wconf 78' lang='lat' dir='ltr'><em>lupanar</em></span> <span class='ocrx_word' id='word_1_4' title='bbox 243 509 274 562; x_wconf 87' lang='lat' dir='ltr'>et</span> <span class='ocrx_word' id='word_1_5' title='bbox 290 502 392 561; x_wconf 91' lang='lat' dir='ltr'>addito</span> <span class='ocrx_word' id='word_1_6' title='bbox 411 507 552 580; x_wconf 82' lang='lat' dir='ltr'>genetivo</span> <span class='ocrx_word' id='word_1_7' title='bbox 570 525 700 564; x_wconf 81' lang='lat' dir='ltr'>cenarem</span> <span class='ocrx_word' id='word_1_8' title='bbox 716 507 799 576; x_wconf 84' lang='lat' dir='ltr'>vitae,</span> <span class='ocrx_word' id='word_1_9' title='bbox 813 507 905 581; x_wconf 81' lang='lat' dir='ltr'>postia</span> <span class='ocrx_word' id='word_1_10' title='bbox 923 506 1067 580; x_wconf 76' lang='lat' dir='ltr'><em>amicitiae,</em></span> <span class='ocrx_word' id='word_1_11' title='bbox 1087 527 1190 585; x_wconf 84' lang='lat' dir='ltr'>oppro-</span> 
     </span>
    </p>
   </div>
   <div class='ocr_carea' id='block_1_3' title="bbox 59 589 1255 4156">
    <p class='ocr_par' dir='ltr' id='par_1_3' title="bbox 59 589 1255 4156">
     <span class='ocr_line' id='line_1_3' title="bbox 92 589 1191 670; baseline 0.005 -24"><span class='ocrx_word' id='word_1_12' title='bbox 92 589 164 646; x_wconf 79' lang='lat' dir='ltr'>bria</span> <span class='ocrx_word' id='word_1_13' title='bbox 180 589 292 646; x_wconf 79' lang='lat' dir='ltr'><em>Romuli</em></span> <span class='ocrx_word' id='word_1_14' title='bbox 304 591 446 663; x_wconf 71' lang='lat' dir='ltr'>Erotique,</span> <span class='ocrx_word' id='word_1_15' title='bbox 465 589 533 662; x_wconf 88' lang='lat' dir='ltr'>alia,</span> <span class='ocrx_word' id='word_1_16' title='bbox 552 589 736 669; x_wconf 84' lang='lat' dir='ltr'>frequentem</span> <span class='ocrx_word' id='word_1_17' title='bbox 749 610 834 649; x_wconf 89' lang='lat' dir='ltr'>usum</span> <span class='ocrx_word' id='word_1_18' title='bbox 852 593 984 667; x_wconf 85' lang='lat' dir='ltr'>genetivi</span> <span class='ocrx_word' id='word_1_19' title='bbox 1001 595 1135 670; x_wconf 89' lang='lat' dir='ltr'>partitivi</span> <span class='ocrx_word' id='word_1_20' title='bbox 1152 613 1191 654; x_wconf 87' lang='lat' dir='ltr'>ex</span> 
     </span>
     <span class='ocr_line' id='line_1_4' title="bbox 91 674 1191 755; baseline 0.005 -23"><span class='ocrx_word' id='word_1_21' title='bbox 91 677 214 732; x_wconf 78' lang='lat' dir='ltr'>neutris</span> <span class='ocrx_word' id='word_1_22' title='bbox 239 677 446 753; x_wconf 84' lang='lat' dir='ltr'><strong>pronominum</strong></span> <span class='ocrx_word' id='word_1_23' title='bbox 472 674 522 734; x_wconf 91' lang='lat' dir='ltr'>vel</span> <span class='ocrx_word' id='word_1_24' title='bbox 553 674 767 734; x_wconf 89' lang='lat' dir='ltr'>adiectivorum</span> <span class='ocrx_word' id='word_1_25' title='bbox 795 677 967 755; x_wconf 80' lang='lat' dir='ltr'>quantitatis</span> <span class='ocrx_word' id='word_1_26' title='bbox 994 680 1068 755; x_wconf 90' lang='lat' dir='ltr'>apti,</span> <span class='ocrx_word' id='word_1_27' title='bbox 1098 678 1191 740; x_wconf 89' lang='lat' dir='ltr'>verba</span> 
     </span>
     <span class='ocr_line' id='line_1_5' title="bbox 90 760 1191 842; baseline 0.005 -26"><span class='ocrx_word' id='word_1_28' title='bbox 90 769 210 816; x_wconf 80' lang='lat' dir='ltr'>matare</span> <span class='ocrx_word' id='word_1_29' title='bbox 227 766 256 819; x_wconf 91' lang='lat' dir='ltr'>et</span> <span class='ocrx_word' id='word_1_30' title='bbox 273 761 416 832; x_wconf 69' lang='lat' dir='ltr'>offirmare</span> <span class='ocrx_word' id='word_1_31' title='bbox 436 761 624 819; x_wconf 90' lang='lat' dir='ltr'>intransitive</span> <span class='ocrx_word' id='word_1_32' title='bbox 647 760 734 834; x_wconf 89' lang='lat' dir='ltr'>dicta,</span> <span class='ocrx_word' id='word_1_33' title='bbox 759 779 953 819; x_wconf 73' lang='lat' dir='ltr'>cormanacum</span> <span class='ocrx_word' id='word_1_34' title='bbox 970 762 1118 821; x_wconf 90' lang='lat' dir='ltr'>infinitivo</span> <span class='ocrx_word' id='word_1_35' title='bbox 1137 783 1191 842; x_wconf 93' lang='lat' dir='ltr'>pro</span> 
     </span>
     <span class='ocr_line' id='line_1_6' title="bbox 92 843 1191 919; baseline 0.005 -17"><span class='ocrx_word' id='word_1_36' title='bbox 92 843 295 916; x_wconf 86' lang='lat' dir='ltr'>‘decernere¹,</span> <span class='ocrx_word' id='word_1_37' title='bbox 315 847 562 903; x_wconf 80' lang='lat' dir='ltr'><strong>constructionem</strong></span> <span class='ocrx_word' id='word_1_38' title='bbox 576 845 769 905; x_wconf 88' lang='lat' dir='ltr'>‘monendum</span> <span class='ocrx_word' id='word_1_39' title='bbox 781 853 811 905; x_wconf 89' lang='lat' dir='ltr'>te</span> <span class='ocrx_word' id='word_1_40' title='bbox 826 853 870 904; x_wconf 89' lang='lat' dir='ltr'>est</span> <span class='ocrx_word' id='word_1_41' title='bbox 882 846 979 919; x_wconf 88' lang='lat' dir='ltr'>mihi&#39;‚</span> <span class='ocrx_word' id='word_1_42' title='bbox 995 847 1191 908; x_wconf 88' lang='lat' dir='ltr'>indicativum</span> 
     </span>
     <span class='ocr_line' id='line_1_7' title="bbox 90 928 1192 1010; baseline 0.003 -23"><span class='ocrx_word' id='word_1_43' title='bbox 90 931 133 988; x_wconf 91' lang='lat' dir='ltr'>in</span> <span class='ocrx_word' id='word_1_44' title='bbox 151 931 384 1005; x_wconf 88' lang='lat' dir='ltr'>interrogatione</span> <span class='ocrx_word' id='word_1_45' title='bbox 406 928 528 1009; x_wconf 91' lang='lat' dir='ltr'>obliqua</span> <span class='ocrx_word' id='word_1_46' title='bbox 546 929 715 1004; x_wconf 83' lang='lat' dir='ltr'>admissum,</span> <span class='ocrx_word' id='word_1_47' title='bbox 739 930 916 990; x_wconf 89' lang='lat' dir='ltr'>vocabulum</span> <span class='ocrx_word' id='word_1_48' title='bbox 938 931 1017 1010; x_wconf 93' lang='lat' dir='ltr'>quod</span> <span class='ocrx_word' id='word_1_49' title='bbox 1035 940 1080 992; x_wconf 89' lang='lat' dir='ltr'>est</span> <span class='ocrx_word' id='word_1_50' title='bbox 1096 936 1192 992; x_wconf 79' lang='lat' dir='ltr'>nullae</span> 
     </span>
     <span class='ocr_line' id='line_1_8' title="bbox 90 1014 1190 1097; baseline 0.005 -25"><span class='ocrx_word' id='word_1_51' title='bbox 90 1016 231 1094; x_wconf 89' lang='lat' dir='ltr'>itemque</span> <span class='ocrx_word' id='word_1_52' title='bbox 262 1033 310 1072; x_wconf 86' lang='lat' dir='ltr'>nec</span> <span class='ocrx_word' id='word_1_53' title='bbox 336 1022 366 1072; x_wconf 89' lang='lat' dir='ltr'>et</span> <span class='ocrx_word' id='word_1_54' title='bbox 396 1015 464 1072; x_wconf 82' lang='lat' dir='ltr'>nibil</span> <span class='ocrx_word' id='word_1_55' title='bbox 494 1014 626 1090; x_wconf 88' lang='lat' dir='ltr'>negandi</span> <span class='ocrx_word' id='word_1_56' title='bbox 655 1017 776 1093; x_wconf 85' lang='lat' dir='ltr'>gravius</span> <span class='ocrx_word' id='word_1_57' title='bbox 803 1036 891 1075; x_wconf 88' lang='lat' dir='ltr'>causa</span> <span class='ocrx_word' id='word_1_58' title='bbox 921 1036 974 1094; x_wconf 88' lang='lat' dir='ltr'>pro</span> <span class='ocrx_word' id='word_1_59' title='bbox 1006 1037 1060 1075; x_wconf 84' lang='lat' dir='ltr'>aaa</span> <span class='ocrx_word' id='word_1_60' title='bbox 1085 1021 1190 1097; x_wconf 88' lang='lat' dir='ltr'>posita.</span> 
     </span>
     <span class='ocr_line' id='line_1_9' title="bbox 92 1098 1191 1181; baseline 0.005 -24"><span class='ocrx_word' id='word_1_61' title='bbox 92 1098 219 1171; x_wconf 84' lang='lat' dir='ltr'>deinde,</span> <span class='ocrx_word' id='word_1_62' title='bbox 238 1119 305 1158; x_wconf 89' lang='lat' dir='ltr'>cum</span> <span class='ocrx_word' id='word_1_63' title='bbox 329 1101 493 1178; x_wconf 85' lang='lat' dir='ltr'>superiores</span> <span class='ocrx_word' id='word_1_64' title='bbox 511 1103 666 1178; x_wconf 78' lang='lat' dir='ltr'>scriptores</span> <span class='ocrx_word' id='word_1_65' title='bbox 683 1100 786 1160; x_wconf 90' lang='lat' dir='ltr'>Latini</span> <span class='ocrx_word' id='word_1_66' title='bbox 807 1101 899 1160; x_wconf 89' lang='lat' dir='ltr'>verba</span> <span class='ocrx_word' id='word_1_67' title='bbox 916 1121 983 1160; x_wconf 92' lang='lat' dir='ltr'>cum</span> <span class='ocrx_word' id='word_1_68' title='bbox 999 1105 1191 1181; x_wconf 89' lang='lat' dir='ltr'>praepositio·</span> 
     </span>
     <span class='ocr_line' id='line_1_10' title="bbox 90 1185 1191 1264; baseline 0.005 -21"><span class='ocrx_word' id='word_1_69' title='bbox 90 1185 188 1244; x_wconf 88' lang='lat' dir='ltr'>nibus</span> <span class='ocrx_word' id='word_1_70' title='bbox 216 1187 369 1262; x_wconf 87' lang='lat' dir='ltr'>conposita</span> <span class='ocrx_word' id='word_1_71' title='bbox 391 1205 457 1243; x_wconf 88' lang='lat' dir='ltr'>cum</span> <span class='ocrx_word' id='word_1_72' title='bbox 484 1185 759 1263; x_wconf 83' lang='lat' dir='ltr'>praepositionibus,</span> <span class='ocrx_word' id='word_1_73' title='bbox 788 1187 968 1264; x_wconf 85' lang='lat' dir='ltr'>posteriores·</span> <span class='ocrx_word' id='word_1_74' title='bbox 984 1207 1051 1245; x_wconf 91' lang='lat' dir='ltr'>cum</span> <span class='ocrx_word' id='word_1_75' title='bbox 1075 1189 1191 1248; x_wconf 85' lang='lat' dir='ltr'><strong>casibus</strong></span> 
     </span>
     <span class='ocr_line' id='line_1_11' title="bbox 91 1267 1255 1348; baseline 0.003 -20"><span class='ocrx_word' id='word_1_76' title='bbox 91 1269 171 1328; x_wconf 89' lang='lat' dir='ltr'>solis</span> <span class='ocrx_word' id='word_1_77' title='bbox 184 1273 365 1345; x_wconf 88' lang='lat' dir='ltr'>coniungere</span> <span class='ocrx_word' id='word_1_78' title='bbox 382 1270 415 1326; x_wconf 92' lang='lat' dir='ltr'>in</span> <span class='ocrx_word' id='word_1_79' title='bbox 430 1273 600 1329; x_wconf 88' lang='lat' dir='ltr'>universum</span> <span class='ocrx_word' id='word_1_80' title='bbox 617 1271 794 1348; x_wconf 81' lang='lat' dir='ltr'>praeferant,</span> <span class='ocrx_word' id='word_1_81' title='bbox 808 1270 997 1330; x_wconf 79' lang='lat' dir='ltr'>memorabile</span> <span class='ocrx_word' id='word_1_82' title='bbox 1015 1280 1059 1331; x_wconf 90' lang='lat' dir='ltr'>est</span> <span class='ocrx_word' id='word_1_83' title='bbox 1073 1272 1190 1332; x_wconf 78' lang='lat' dir='ltr'>Catullo</span> <span class='ocrx_word' id='word_1_84' title='bbox 1252 1267 1255 1273; x_wconf 50' lang='lat'>⁵</span> 
     </span>
     <span class='ocr_line' id='line_1_12' title="bbox 89 1353 1190 1437; baseline 0.002 -23"><span class='ocrx_word' id='word_1_85' title='bbox 89 1357 130 1414; x_wconf 91' lang='lat' dir='ltr'>in</span> <span class='ocrx_word' id='word_1_86' title='bbox 145 1373 182 1414; x_wconf 88' lang='lat' dir='ltr'>ea</span> <span class='ocrx_word' id='word_1_87' title='bbox 194 1373 226 1414; x_wconf 89' lang='lat' dir='ltr'>re</span> <span class='ocrx_word' id='word_1_88' title='bbox 240 1357 334 1430; x_wconf 83' lang='lat' dir='ltr'>magis</span> <span class='ocrx_word' id='word_1_89' title='bbox 348 1373 416 1412; x_wconf 87' lang='lat' dir='ltr'>oum</span> <span class='ocrx_word' id='word_1_90' title='bbox 429 1353 488 1413; x_wconf 89' lang='lat' dir='ltr'>illis</span> <span class='ocrx_word' id='word_1_91' title='bbox 503 1374 591 1434; x_wconf 88' lang='lat' dir='ltr'>quam</span> <span class='ocrx_word' id='word_1_92' title='bbox 610 1375 678 1414; x_wconf 89' lang='lat' dir='ltr'>oum</span> <span class='ocrx_word' id='word_1_93' title='bbox 694 1355 740 1413; x_wconf 89' lang='lat' dir='ltr'>his</span> <span class='ocrx_word' id='word_1_94' title='bbox 755 1357 925 1414; x_wconf 89' lang='lat' dir='ltr'>convenire:</span> <span class='ocrx_word' id='word_1_95' title='bbox 945 1365 1023 1416; x_wconf 88' lang='lat' dir='ltr'>certe</span> <span class='ocrx_word' id='word_1_96' title='bbox 1038 1356 1190 1437; x_wconf 88' lang='lat' dir='ltr'>aliquanto</span> 
     </span>
     <span class='ocr_line' id='line_1_13' title="bbox 90 1439 1191 1520; baseline 0.002 -20"><span class='ocrx_word' id='word_1_97' title='bbox 90 1441 219 1518; x_wconf 87' lang='lat' dir='ltr'>saepius</span> <span class='ocrx_word' id='word_1_98' title='bbox 243 1442 492 1518; x_wconf 83' lang='lat' dir='ltr'>praepositionem</span> <span class='ocrx_word' id='word_1_99' title='bbox 522 1439 659 1498; x_wconf 84' lang='lat' dir='ltr'>adhibuit</span> <span class='ocrx_word' id='word_1_100' title='bbox 686 1460 773 1518; x_wconf 88' lang='lat' dir='ltr'>quam</span> <span class='ocrx_word' id='word_1_101' title='bbox 799 1439 938 1498; x_wconf 86' lang='lat' dir='ltr'>Tibullus</span> <span class='ocrx_word' id='word_1_102' title='bbox 965 1448 994 1499; x_wconf 90' lang='lat' dir='ltr'>et</span> <span class='ocrx_word' id='word_1_103' title='bbox 1019 1442 1191 1520; x_wconf 86' lang='lat' dir='ltr'>Propertius</span> 
     </span>
     <span class='ocr_line' id='line_1_14' title="bbox 91 1522 1190 1606; baseline 0.002 -22"><span class='ocrx_word' id='word_1_104' title='bbox 91 1522 190 1600; x_wconf 84' lang='lat' dir='ltr'>(conf.</span> <span class='ocrx_word' id='word_1_105' title='bbox 211 1524 454 1583; x_wconf 81' lang='lat' dir='ltr'>Schneemannus</span> <span class='ocrx_word' id='word_1_106' title='bbox 471 1525 491 1582; x_wconf 93' lang='lat' dir='ltr'>l.</span> <span class='ocrx_word' id='word_1_107' title='bbox 509 1545 533 1584; x_wconf 93' lang='lat' dir='ltr'>c.</span> <span class='ocrx_word' id='word_1_108' title='bbox 551 1546 580 1604; x_wconf 92' lang='lat' dir='ltr'>p.</span> <span class='ocrx_word' id='word_1_109' title='bbox 600 1523 663 1601; x_wconf 86' lang='grc'>48).</span> <span class='ocrx_word' id='word_1_110' title='bbox 690 1533 753 1583; x_wconf 90' lang='lat' dir='ltr'>tum</span> <span class='ocrx_word' id='word_1_111' title='bbox 772 1524 851 1603; x_wconf 90' lang='lat' dir='ltr'>quod</span> <span class='ocrx_word' id='word_1_112' title='bbox 868 1524 940 1583; x_wconf 88' lang='lat' dir='ltr'>bina</span> <span class='ocrx_word' id='word_1_113' title='bbox 957 1526 1111 1600; x_wconf 87' lang='lat' dir='ltr'>vocabula,</span> <span class='ocrx_word' id='word_1_114' title='bbox 1129 1527 1190 1606; x_wconf 90' lang='lat' dir='ltr'>ple·</span> 
     </span>
     <span class='ocr_line' id='line_1_15' title="bbox 88 1603 1192 1689; baseline 0.001 -20"><span class='ocrx_word' id='word_1_115' title='bbox 88 1628 223 1689; x_wconf 88' lang='lat' dir='ltr'>rumque</span> <span class='ocrx_word' id='word_1_116' title='bbox 241 1608 458 1684; x_wconf 84' lang='lat' dir='ltr'>significatione</span> <span class='ocrx_word' id='word_1_117' title='bbox 475 1610 591 1682; x_wconf 82' lang='lat' dir='ltr'>similia,</span> <span class='ocrx_word' id='word_1_118' title='bbox 611 1603 773 1676; x_wconf 74' lang='lat' dir='ltr'>dooode&#39;ccoc</span> <span class='ocrx_word' id='word_1_119' title='bbox 790 1609 927 1688; x_wconf 91' lang='lat' dir='ltr'>copulare</span> <span class='ocrx_word' id='word_1_120' title='bbox 946 1619 1032 1686; x_wconf 86' lang='lat' dir='ltr'>amat,</span> <span class='ocrx_word' id='word_1_121' title='bbox 1050 1619 1085 1670; x_wconf 91' lang='lat' dir='ltr'>ut</span> <span class='ocrx_word' id='word_1_122' title='bbox 1101 1615 1192 1671; x_wconf 81' lang='lat' dir='ltr'>iocose</span> 
     </span>
     <span class='ocr_line' id='line_1_16' title="bbox 90 1689 1192 1771; baseline 0.004 -18"><span class='ocrx_word' id='word_1_123' title='bbox 90 1697 200 1770; x_wconf 84' lang='lat' dir='ltr'>lepide,</span> <span class='ocrx_word' id='word_1_124' title='bbox 225 1695 353 1752; x_wconf 77' lang='lat' dir='ltr'>diuersae</span> <span class='ocrx_word' id='word_1_125' title='bbox 374 1697 472 1752; x_wconf 78' lang='lat' dir='ltr'>coriae</span> <span class='ocrx_word' id='word_1_126' title='bbox 492 1698 564 1766; x_wconf 84' lang='lat' dir='ltr'>viae,</span> <span class='ocrx_word' id='word_1_127' title='bbox 583 1697 683 1771; x_wconf 77' lang='lat' dir='ltr'>perfer</span> <span class='ocrx_word' id='word_1_128' title='bbox 706 1697 822 1768; x_wconf 82' lang='lat' dir='ltr'>obdura,</span> <span class='ocrx_word' id='word_1_129' title='bbox 850 1694 881 1752; x_wconf 89' lang='lat' dir='ltr'>id</span> <span class='ocrx_word' id='word_1_130' title='bbox 904 1698 932 1754; x_wconf 89' lang='lat' dir='ltr'>ei</span> <span class='ocrx_word' id='word_1_131' title='bbox 950 1716 1017 1754; x_wconf 87' lang='lat' dir='ltr'>cum</span> <span class='ocrx_word' id='word_1_132' title='bbox 1034 1697 1142 1757; x_wconf 92' lang='lat' dir='ltr'>Plauto</span> <span class='ocrx_word' id='word_1_133' title='bbox 1161 1689 1192 1757; x_wconf 77' lang='lat' dir='ltr'>et</span> 
     </span>
     <span class='ocr_line' id='line_1_17' title="bbox 92 1777 1189 1853; baseline 0.004 -15"><span class='ocrx_word' id='word_1_134' title='bbox 92 1783 219 1838; x_wconf 91' lang='lat' dir='ltr'>omnino</span> <span class='ocrx_word' id='word_1_135' title='bbox 239 1799 305 1838; x_wconf 88' lang='lat' dir='ltr'>cum</span> <span class='ocrx_word' id='word_1_136' title='bbox 323 1779 473 1839; x_wconf 88' lang='lat' dir='ltr'>veteribus</span> <span class='ocrx_word' id='word_1_137' title='bbox 491 1799 646 1840; x_wconf 89' lang='lat' dir='ltr'>commune</span> <span class='ocrx_word' id='word_1_138' title='bbox 663 1787 707 1839; x_wconf 89' lang='lat' dir='ltr'>est</span> <span class='ocrx_word' id='word_1_139' title='bbox 725 1777 814 1853; x_wconf 83' lang='lat' dir='ltr'>(conf.</span> <span class='ocrx_word' id='word_1_140' title='bbox 828 1781 948 1838; x_wconf 87' lang='lat' dir='ltr'>Brixius</span> <span class='ocrx_word' id='word_1_141' title='bbox 967 1780 1007 1838; x_wconf 91' lang='lat' dir='ltr'>ad</span> <span class='ocrx_word' id='word_1_142' title='bbox 1023 1782 1189 1842; x_wconf 86' lang='lat' dir='ltr'>Trinumm.</span> 
     </span>
     <span class='ocr_line' id='line_1_18' title="bbox 91 1863 1188 1945; baseline 0.003 -21"><span class='ocrx_word' id='word_1_143' title='bbox 91 1866 162 1924; x_wconf 83' lang='lat'>243</span> <span class='ocrx_word' id='word_1_144' title='bbox 182 1871 212 1923; x_wconf 89' lang='lat' dir='ltr'>et</span> <span class='ocrx_word' id='word_1_145' title='bbox 229 1866 299 1936; x_wconf 83' lang='lat'>302,</span> <span class='ocrx_word' id='word_1_146' title='bbox 324 1863 363 1922; x_wconf 90' lang='lat' dir='ltr'>ad</span> <span class='ocrx_word' id='word_1_147' title='bbox 384 1864 444 1924; x_wconf 90' lang='lat' dir='ltr'>mil.</span> <span class='ocrx_word' id='word_1_148' title='bbox 463 1865 536 1942; x_wconf 86' lang='lat' dir='ltr'>glor.</span> <span class='ocrx_word' id='word_1_149' title='bbox 556 1866 626 1923; x_wconf 88' lang='grc'><strong>663.</strong></span> <span class='ocrx_word' id='word_1_150' title='bbox 661 1865 1188 1945; x_wconf 87' lang='lat' dir='ltr'>LachmannusadLucr.11118).</span> 
     </span>
     <span class='ocr_line' id='line_1_19' title="bbox 91 1948 1190 2030; baseline 0.003 -22"><span class='ocrx_word' id='word_1_151' title='bbox 91 1967 156 2010; x_wconf 90' lang='lat' dir='ltr'>nec</span> <span class='ocrx_word' id='word_1_152' title='bbox 178 1948 307 2009; x_wconf 90' lang='lat' dir='ltr'>dubitari</span> <span class='ocrx_word' id='word_1_153' title='bbox 329 1957 426 2028; x_wconf 90' lang='lat' dir='ltr'>potest</span> <span class='ocrx_word' id='word_1_154' title='bbox 447 1952 520 2028; x_wconf 90' lang='lat' dir='ltr'>quin</span> <span class='ocrx_word' id='word_1_155' title='bbox 541 1949 616 2009; x_wconf 89' lang='lat' dir='ltr'>tales</span> <span class='ocrx_word' id='word_1_156' title='bbox 638 1949 802 2009; x_wconf 88' lang='lat' dir='ltr'>locutiones</span> <span class='ocrx_word' id='word_1_157' title='bbox 825 1950 927 2030; x_wconf 87' lang='lat' dir='ltr'>quales</span> <span class='ocrx_word' id='word_1_158' title='bbox 949 1959 1018 2010; x_wconf 89' lang='lat' dir='ltr'>sunt</span> <span class='ocrx_word' id='word_1_159' title='bbox 1039 1972 1092 2008; x_wconf 85' lang='lat' dir='ltr'>non</span> <span class='ocrx_word' id='word_1_160' title='bbox 1115 1957 1190 2011; x_wconf 79' lang='lat' dir='ltr'>oscis</span> 
     </span>
     <span class='ocr_line' id='line_1_20' title="bbox 89 2034 1190 2116; baseline 0.004 -24"><span class='ocrx_word' id='word_1_161' title='bbox 89 2037 201 2108; x_wconf 80' lang='lat' dir='ltr'>facere,</span> <span class='ocrx_word' id='word_1_162' title='bbox 229 2054 283 2092; x_wconf 85' lang='lat' dir='ltr'>noo</span> <span class='ocrx_word' id='word_1_163' title='bbox 303 2035 398 2106; x_wconf 76' lang='lat' dir='ltr'>socero</span> <span class='ocrx_word' id='word_1_164' title='bbox 416 2038 473 2110; x_wconf 85' lang='lat' dir='ltr'>pili</span> <span class='ocrx_word' id='word_1_165' title='bbox 495 2035 662 2114; x_wconf 87' lang='lat' dir='ltr'>similesque</span> <span class='ocrx_word' id='word_1_166' title='bbox 684 2053 723 2094; x_wconf 84' lang='lat' dir='ltr'>ex</span> <span class='ocrx_word' id='word_1_167' title='bbox 748 2034 833 2110; x_wconf 83' lang='lat' dir='ltr'>vulgi</span> <span class='ocrx_word' id='word_1_168' title='bbox 858 2053 992 2095; x_wconf 90' lang='lat' dir='ltr'>sermone</span> <span class='ocrx_word' id='word_1_169' title='bbox 1017 2035 1190 2116; x_wconf 84' lang='lat' dir='ltr'>adsumptae</span> 
     </span>
     <span class='ocr_line' id='line_1_21' title="bbox 91 2113 1190 2198; baseline 0.002 -20"><span class='ocrx_word' id='word_1_170' title='bbox 91 2121 165 2191; x_wconf 85' lang='lat' dir='ltr'>sint,</span> <span class='ocrx_word' id='word_1_171' title='bbox 185 2113 261 2179; x_wconf 92' lang='lat' dir='ltr'>sicut</span> <span class='ocrx_word' id='word_1_172' title='bbox 279 2138 331 2178; x_wconf 89' lang='lat' dir='ltr'>eae</span> <span class='ocrx_word' id='word_1_173' title='bbox 350 2137 425 2198; x_wconf 88' lang='lat' dir='ltr'>quae</span> <span class='ocrx_word' id='word_1_174' title='bbox 439 2119 648 2178; x_wconf 83' lang='lat' dir='ltr'>adverbiorum</span> <span class='ocrx_word' id='word_1_175' title='bbox 662 2139 729 2178; x_wconf 92' lang='lat' dir='ltr'>cum</span> <span class='ocrx_word' id='word_1_176' title='bbox 745 2118 837 2178; x_wconf 90' lang='lat' dir='ltr'>verbo</span> <span class='ocrx_word' id='word_1_177' title='bbox 853 2119 1036 2184; x_wconf 86' lang='lat' dir='ltr'>substantivo</span> <span class='ocrx_word' id='word_1_178' title='bbox 1050 2125 1190 2181; x_wconf 90' lang='lat' dir='ltr'>coniunc-</span> 
     </span>
     <span class='ocr_line' id='line_1_22' title="bbox 90 2204 1189 2286; baseline 0.005 -24"><span class='ocrx_word' id='word_1_179' title='bbox 90 2207 180 2262; x_wconf 88' lang='lat' dir='ltr'>tione</span> <span class='ocrx_word' id='word_1_180' title='bbox 197 2204 280 2276; x_wconf 84' lang='lat' dir='ltr'>fiunt,</span> <span class='ocrx_word' id='word_1_181' title='bbox 300 2222 345 2262; x_wconf 87' lang='lat' dir='ltr'>ex.</span> <span class='ocrx_word' id='word_1_182' title='bbox 360 2224 403 2280; x_wconf 84' lang='lat' dir='ltr'>gr.</span> <span class='ocrx_word' id='word_1_183' title='bbox 420 2215 462 2262; x_wconf 85' lang='lat' dir='ltr'>eat</span> <span class='ocrx_word' id='word_1_184' title='bbox 475 2208 577 2280; x_wconf 78' lang='lat' dir='ltr'>pulcre</span> <span class='ocrx_word' id='word_1_185' title='bbox 594 2205 652 2276; x_wconf 87' lang='lat' dir='ltr'>tibi,</span> <span class='ocrx_word' id='word_1_186' title='bbox 671 2225 726 2260; x_wconf 86' lang='lat' dir='ltr'>non</span> <span class='ocrx_word' id='word_1_187' title='bbox 739 2205 804 2261; x_wconf 82' lang='lat' dir='ltr'>mibi</span> <span class='ocrx_word' id='word_1_188' title='bbox 817 2214 873 2261; x_wconf 85' lang='lat' dir='ltr'>tam</span> <span class='ocrx_word' id='word_1_189' title='bbox 884 2206 939 2277; x_wconf 77' lang='lat' dir='ltr'>fait</span> <span class='ocrx_word' id='word_1_190' title='bbox 951 2209 1080 2280; x_wconf 66' lang='lat' dir='ltr'>malique,</span> <span class='ocrx_word' id='word_1_191' title='bbox 1099 2214 1189 2286; x_wconf 88' lang='lat' dir='ltr'>atque</span> 
     </span>
     <span class='ocr_line' id='line_1_23' title="bbox 91 2287 1189 2369; baseline 0.003 -20"><span class='ocrx_word' id='word_1_192' title='bbox 91 2287 420 2349; x_wconf 86' lang='lat' dir='ltr'>execrandi-formulae</span> <span class='ocrx_word' id='word_1_193' title='bbox 436 2291 470 2347; x_wconf 92' lang='lat' dir='ltr'>iu</span> <span class='ocrx_word' id='word_1_194' title='bbox 487 2289 636 2362; x_wconf 72' lang='lat' dir='ltr'>a11113,</span> <span class='ocrx_word' id='word_1_195' title='bbox 654 2289 732 2349; x_wconf 88' lang='lat' dir='ltr'>XIV</span> <span class='ocrx_word' id='word_1_196' title='bbox 742 2291 770 2362; x_wconf 87' lang='grc'>6,</span> <span class='ocrx_word' id='word_1_197' title='bbox 788 2289 932 2348; x_wconf 91' lang='lat' dir='ltr'>XXVIII</span> <span class='ocrx_word' id='word_1_198' title='bbox 943 2291 982 2347; x_wconf 91' lang='grc'>14</span> <span class='ocrx_word' id='word_1_199' title='bbox 992 2309 1014 2348; x_wconf 91' lang='lat' dir='ltr'>s.</span> <span class='ocrx_word' id='word_1_200' title='bbox 1040 2299 1189 2369; x_wconf 88' lang='lat' dir='ltr'>postremo</span> 
     </span>
     <span class='ocr_line' id='line_1_24' title="bbox 91 2372 1190 2454; baseline 0.003 -20"><span class='ocrx_word' id='word_1_201' title='bbox 91 2374 135 2434; x_wconf 90' lang='lat' dir='ltr'>ab</span> <span class='ocrx_word' id='word_1_202' title='bbox 163 2373 295 2433; x_wconf 88' lang='lat' dir='ltr'>eiusdem</span> <span class='ocrx_word' id='word_1_203' title='bbox 321 2375 463 2433; x_wconf 89' lang='lat' dir='ltr'>sermonis</span> <span class='ocrx_word' id='word_1_204' title='bbox 490 2374 587 2434; x_wconf 90' lang='lat' dir='ltr'>studio</span> <span class='ocrx_word' id='word_1_205' title='bbox 613 2373 805 2453; x_wconf 92' lang='lat' dir='ltr'>repetendum</span> <span class='ocrx_word' id='word_1_206' title='bbox 833 2372 913 2454; x_wconf 89' lang='lat' dir='ltr'>quod</span> <span class='ocrx_word' id='word_1_207' title='bbox 940 2373 1074 2435; x_wconf 77' lang='lat' dir='ltr'>Catullus</span> <span class='ocrx_word' id='word_1_208' title='bbox 1099 2377 1190 2437; x_wconf 84' lang='lat' dir='ltr'>valde</span> 
     </span>
     <span class='ocr_line' id='line_1_25' title="bbox 94 2458 1189 2538; baseline 0.004 -20"><span class='ocrx_word' id='word_1_209' title='bbox 94 2458 264 2519; x_wconf 82' lang='lat' dir='ltr'>delectatur</span> <span class='ocrx_word' id='word_1_210' title='bbox 286 2465 431 2518; x_wconf 88' lang='lat' dir='ltr'>structura</span> <span class='ocrx_word' id='word_1_211' title='bbox 451 2462 641 2538; x_wconf 65' lang='lat' dir='ltr'>paratactica„</span> <span class='ocrx_word' id='word_1_212' title='bbox 665 2462 748 2520; x_wconf 88' lang='lat' dir='ltr'>cuius</span> <span class='ocrx_word' id='word_1_213' title='bbox 769 2459 864 2518; x_wconf 88' lang='lat' dir='ltr'>multa</span> <span class='ocrx_word' id='word_1_214' title='bbox 887 2460 1023 2538; x_wconf 85' lang='lat' dir='ltr'>exempla</span> <span class='ocrx_word' id='word_1_215' title='bbox 1041 2465 1189 2538; x_wconf 86' lang='lat' dir='ltr'>congessit</span> 
     </span>
     <span class='ocr_line' id='line_1_26' title="bbox 93 2543 1189 2626; baseline 0.005 -24"><span class='ocrx_word' id='word_1_216' title='bbox 93 2544 251 2620; x_wconf 85' lang='lat' dir='ltr'>Zieglerus</span> <span class='ocrx_word' id='word_1_217' title='bbox 273 2543 293 2604; x_wconf 93' lang='lat' dir='ltr'>l.</span> <span class='ocrx_word' id='word_1_218' title='bbox 313 2563 336 2603; x_wconf 91' lang='lat' dir='ltr'>c.</span> <span class='ocrx_word' id='word_1_219' title='bbox 354 2564 383 2623; x_wconf 91' lang='lat' dir='ltr'>p.</span> <span class='ocrx_word' id='word_1_220' title='bbox 402 2545 442 2602; x_wconf 82' lang='grc'>32</span> <span class='ocrx_word' id='word_1_221' title='bbox 461 2564 498 2605; x_wconf 88' lang='lat' dir='ltr'>ss.</span> <span class='ocrx_word' id='word_1_222' title='bbox 524 2544 705 2625; x_wconf 89' lang='lat' dir='ltr'>lepidissime</span> <span class='ocrx_word' id='word_1_223' title='bbox 731 2553 830 2605; x_wconf 89' lang='lat' dir='ltr'>autem</span> <span class='ocrx_word' id='word_1_224' title='bbox 855 2545 911 2605; x_wconf 91' lang='lat' dir='ltr'>hoc</span> <span class='ocrx_word' id='word_1_225' title='bbox 934 2545 1053 2606; x_wconf 89' lang='lat' dir='ltr'>dicendi</span> <span class='ocrx_word' id='word_1_226' title='bbox 1079 2567 1189 2626; x_wconf 87' lang='lat' dir='ltr'>genere</span> 
     </span>
     <span class='ocr_line' id='line_1_27' title="bbox 93 2629 1188 2709; baseline 0.004 -21"><span class='ocrx_word' id='word_1_227' title='bbox 93 2650 120 2690; x_wconf 89' lang='lat' dir='ltr'>c.</span> <span class='ocrx_word' id='word_1_228' title='bbox 142 2629 174 2687; x_wconf 91' lang='lat' dir='ltr'>X</span> <span class='ocrx_word' id='word_1_229' title='bbox 192 2630 233 2687; x_wconf 84' lang='lat'>30</span> <span class='ocrx_word' id='word_1_230' title='bbox 250 2650 320 2690; x_wconf 90' lang='lat' dir='ltr'>usus</span> <span class='ocrx_word' id='word_1_231' title='bbox 338 2640 383 2692; x_wconf 89' lang='lat' dir='ltr'>est</span> <span class='ocrx_word' id='word_1_232' title='bbox 400 2637 489 2709; x_wconf 86' lang='lat' dir='ltr'>poeta</span> <span class='ocrx_word' id='word_1_233' title='bbox 506 2630 545 2689; x_wconf 92' lang='lat' dir='ltr'>ad</span> <span class='ocrx_word' id='word_1_234' title='bbox 562 2630 785 2709; x_wconf 88' lang='lat' dir='ltr'>exprimendam</span> <span class='ocrx_word' id='word_1_235' title='bbox 803 2630 931 2690; x_wconf 87' lang='lat' dir='ltr'>subitam</span> <span class='ocrx_word' id='word_1_236' title='bbox 949 2633 1042 2690; x_wconf 86' lang='lat' dir='ltr'>animi</span> <span class='ocrx_word' id='word_1_237' title='bbox 1060 2641 1188 2692; x_wconf 88' lang='lat' dir='ltr'>conster-</span> 
     </span>
     <span class='ocr_line' id='line_1_28' title="bbox 91 2716 1188 2795; baseline 0.003 -21"><span class='ocrx_word' id='word_1_238' title='bbox 91 2716 249 2774; x_wconf 87' lang='lat' dir='ltr'>nationem</span> <span class='ocrx_word' id='word_1_239' title='bbox 266 2734 326 2794; x_wconf 89' lang='lat' dir='ltr'>qua</span> <span class='ocrx_word' id='word_1_240' title='bbox 343 2735 374 2775; x_wconf 88' lang='lat' dir='ltr'>se</span> <span class='ocrx_word' id='word_1_241' title='bbox 397 2718 619 2794; x_wconf 87' lang='lat' dir='ltr'>importunitate</span> <span class='ocrx_word' id='word_1_242' title='bbox 637 2716 755 2795; x_wconf 90' lang='lat' dir='ltr'>puellae</span> <span class='ocrx_word' id='word_1_243' title='bbox 772 2737 791 2774; x_wconf 90' lang='lat' dir='ltr'>a</span> <span class='ocrx_word' id='word_1_244' title='bbox 807 2717 887 2775; x_wconf 89' lang='lat' dir='ltr'>Varo</span> <span class='ocrx_word' id='word_1_245' title='bbox 906 2724 1022 2776; x_wconf 88' lang='lat' dir='ltr'>amatae</span> <span class='ocrx_word' id='word_1_246' title='bbox 1038 2716 1188 2777; x_wconf 86' lang='lat' dir='ltr'>adfectum</span> 
     </span>
     <span class='ocr_line' id='line_1_29' title="bbox 93 2799 1188 2879; baseline 0.003 -20"><span class='ocrx_word' id='word_1_247' title='bbox 93 2818 161 2860; x_wconf 89' lang='lat' dir='ltr'>esse</span> <span class='ocrx_word' id='word_1_248' title='bbox 179 2807 286 2859; x_wconf 88' lang='lat' dir='ltr'>narrat.</span> <span class='ocrx_word' id='word_1_249' title='bbox 325 2799 468 2860; x_wconf 89' lang='lat' dir='ltr'>hactenus</span> <span class='ocrx_word' id='word_1_250' title='bbox 490 2801 527 2860; x_wconf 84' lang='lat' dir='ltr'>de</span> <span class='ocrx_word' id='word_1_251' title='bbox 549 2802 639 2879; x_wconf 90' lang='lat' dir='ltr'>prisci</span> <span class='ocrx_word' id='word_1_252' title='bbox 657 2802 746 2860; x_wconf 90' lang='lat' dir='ltr'>moris</span> <span class='ocrx_word' id='word_1_253' title='bbox 763 2803 795 2859; x_wconf 93' lang='lat' dir='ltr'>in</span> <span class='ocrx_word' id='word_1_254' title='bbox 814 2806 934 2879; x_wconf 82' lang='lat' dir='ltr'>syntaxi</span> <span class='ocrx_word' id='word_1_255' title='bbox 952 2800 1121 2861; x_wconf 80' lang='lat' dir='ltr'>Oatrdliana</span> <span class='ocrx_word' id='word_1_256' title='bbox 1138 2823 1188 2862; x_wconf 92' lang='lat' dir='ltr'>ve-</span> 
     </span>
     <span class='ocr_line' id='line_1_30' title="bbox 92 2885 1188 2966; baseline 0.001 -22"><span class='ocrx_word' id='word_1_257' title='bbox 92 2887 202 2960; x_wconf 84' lang='lat' dir='ltr'>stigiis.</span> <span class='ocrx_word' id='word_1_258' title='bbox 237 2885 361 2944; x_wconf 87' lang='lat' dir='ltr'>relicum</span> <span class='ocrx_word' id='word_1_259' title='bbox 384 2893 483 2944; x_wconf 89' lang='lat' dir='ltr'>estut</span> <span class='ocrx_word' id='word_1_260' title='bbox 505 2893 678 2945; x_wconf 89' lang='lat' dir='ltr'>ornamenta</span> <span class='ocrx_word' id='word_1_261' title='bbox 696 2885 844 2965; x_wconf 86' lang='lat' dir='ltr'>quaedam</span> <span class='ocrx_word' id='word_1_262' title='bbox 866 2888 1007 2944; x_wconf 89' lang='lat' dir='ltr'>orationis</span> <span class='ocrx_word' id='word_1_263' title='bbox 1029 2906 1188 2966; x_wconf 88' lang='lat' dir='ltr'>persequa-</span> 
     </span>
     <span class='ocr_line' id='line_1_31' title="bbox 93 2969 1188 3049; baseline 0.002 -21"><span class='ocrx_word' id='word_1_264' title='bbox 93 2989 165 3028; x_wconf 91' lang='lat' dir='ltr'>mur</span> <span class='ocrx_word' id='word_1_265' title='bbox 191 2971 351 3048; x_wconf 87' lang='lat' dir='ltr'>antiquiori</span> <span class='ocrx_word' id='word_1_266' title='bbox 377 2969 518 3028; x_wconf 86' lang='lat' dir='ltr'>latinitati</span> <span class='ocrx_word' id='word_1_267' title='bbox 543 2972 702 3049; x_wconf 89' lang='lat' dir='ltr'>praecipue</span> <span class='ocrx_word' id='word_1_268' title='bbox 727 2969 864 3049; x_wconf 89' lang='lat' dir='ltr'>probata,</span> <span class='ocrx_word' id='word_1_269' title='bbox 892 2970 1000 3048; x_wconf 89' lang='lat' dir='ltr'>quibus</span> <span class='ocrx_word' id='word_1_270' title='bbox 1025 2971 1188 3031; x_wconf 86' lang='lat' dir='ltr'>retinendis</span> 
     </span>
     <span class='ocr_line' id='line_1_32' title="bbox 59 3053 1187 3133; baseline 0.004 -21"><span class='ocrx_word' id='word_1_271' title='bbox 59 3107 62 3112; x_wconf 77' lang='grc'>,</span> <span class='ocrx_word' id='word_1_272' title='bbox 94 3053 234 3115; x_wconf 84' lang='lat' dir='ltr'>Catullus</span> <span class='ocrx_word' id='word_1_273' title='bbox 261 3057 391 3112; x_wconf 85' lang='lat' dir='ltr'>sermoni</span> <span class='ocrx_word' id='word_1_274' title='bbox 416 3072 469 3113; x_wconf 88' lang='lat' dir='ltr'>suo</span> <span class='ocrx_word' id='word_1_275' title='bbox 496 3054 622 3114; x_wconf 91' lang='lat' dir='ltr'>colorem</span> <span class='ocrx_word' id='word_1_276' title='bbox 648 3073 718 3114; x_wconf 90' lang='lat' dir='ltr'>vere</span> <span class='ocrx_word' id='word_1_277' title='bbox 739 3054 911 3133; x_wconf 89' lang='lat' dir='ltr'>popularem</span> <span class='ocrx_word' id='word_1_278' title='bbox 934 3053 1111 3114; x_wconf 84' lang='lat' dir='ltr'>conciliavit</span> <span class='ocrx_word' id='word_1_279' title='bbox 1152 3077 1187 3116; x_wconf 89' lang='lat' dir='ltr'>ac</span> 
     </span>
     <span class='ocr_line' id='line_1_33' title="bbox 92 3137 1186 3219; baseline 0.001 -21"><span class='ocrx_word' id='word_1_280' title='bbox 92 3141 225 3219; x_wconf 91' lang='lat' dir='ltr'>primum</span> <span class='ocrx_word' id='word_1_281' title='bbox 246 3137 366 3217; x_wconf 91' lang='lat' dir='ltr'>quidem</span> <span class='ocrx_word' id='word_1_282' title='bbox 389 3137 547 3198; x_wconf 91' lang='lat' dir='ltr'>dicendum</span> <span class='ocrx_word' id='word_1_283' title='bbox 570 3139 607 3198; x_wconf 89' lang='lat' dir='ltr'>de</span> <span class='ocrx_word' id='word_1_284' title='bbox 629 3159 664 3200; x_wconf 91' lang='lat' dir='ltr'>eo</span> <span class='ocrx_word' id='word_1_285' title='bbox 688 3138 767 3219; x_wconf 89' lang='lat' dir='ltr'>quod</span> <span class='ocrx_word' id='word_1_286' title='bbox 789 3141 937 3198; x_wconf 85' lang='lat' dir='ltr'>neoterica</span> <span class='ocrx_word' id='word_1_287' title='bbox 960 3141 1081 3199; x_wconf 89' lang='lat' dir='ltr'>nomine</span> <span class='ocrx_word' id='word_1_288' title='bbox 1102 3143 1186 3199; x_wconf 86' lang='lat' dir='ltr'>adlit·</span> 
     </span>
     <span class='ocr_line' id='line_1_34' title="bbox 94 3223 1187 3302; baseline 0.002 -18"><span class='ocrx_word' id='word_1_289' title='bbox 94 3225 258 3284; x_wconf 79' lang='lat' dir='ltr'>terationaa</span> <span class='ocrx_word' id='word_1_290' title='bbox 279 3242 386 3283; x_wconf 88' lang='lat' dir='ltr'>vocare</span> <span class='ocrx_word' id='word_1_291' title='bbox 404 3226 617 3283; x_wconf 84' lang='lat' dir='ltr'>consuevimus.</span> <span class='ocrx_word' id='word_1_292' title='bbox 658 3223 696 3284; x_wconf 88' lang='lat' dir='ltr'>de</span> <span class='ocrx_word' id='word_1_293' title='bbox 714 3225 795 3283; x_wconf 92' lang='lat' dir='ltr'>cuius</span> <span class='ocrx_word' id='word_1_294' title='bbox 814 3223 894 3302; x_wconf 90' lang='lat' dir='ltr'>apud</span> <span class='ocrx_word' id='word_1_295' title='bbox 910 3225 1060 3283; x_wconf 88' lang='lat' dir='ltr'>Romanos</span> <span class='ocrx_word' id='word_1_296' title='bbox 1077 3246 1133 3286; x_wconf 90' lang='lat' dir='ltr'>usu</span> <span class='ocrx_word' id='word_1_297' title='bbox 1150 3247 1187 3286; x_wconf 88' lang='lat' dir='ltr'>ac</span> 
     </span>
     <span class='ocr_line' id='line_1_35' title="bbox 93 3308 1187 3387; baseline 0.003 -19"><span class='ocrx_word' id='word_1_298' title='bbox 93 3308 207 3368; x_wconf 88' lang='lat' dir='ltr'>finibus</span> <span class='ocrx_word' id='word_1_299' title='bbox 221 3311 339 3387; x_wconf 89' lang='lat' dir='ltr'>copiose</span> <span class='ocrx_word' id='word_1_300' title='bbox 353 3316 383 3369; x_wconf 88' lang='lat' dir='ltr'>ct</span> <span class='ocrx_word' id='word_1_301' title='bbox 397 3308 543 3368; x_wconf 87' lang='lat' dir='ltr'>subtiliter</span> <span class='ocrx_word' id='word_1_302' title='bbox 557 3309 694 3368; x_wconf 88' lang='lat' dir='ltr'>disseruit</span> <span class='ocrx_word' id='word_1_303' title='bbox 702 3308 739 3368; x_wconf 89' lang='lat' dir='ltr'>A.</span> <span class='ocrx_word' id='word_1_304' title='bbox 749 3309 784 3366; x_wconf 84' lang='lat' dir='ltr'>F.</span> <span class='ocrx_word' id='word_1_305' title='bbox 795 3308 929 3368; x_wconf 88' lang='lat' dir='ltr'>Naekius</span> <span class='ocrx_word' id='word_1_306' title='bbox 943 3313 1036 3368; x_wconf 89' lang='lat' dir='ltr'>musei</span> <span class='ocrx_word' id='word_1_307' title='bbox 1048 3310 1187 3372; x_wconf 84' lang='lat' dir='ltr'>Rhenaui</span> 
     </span>
     <span class='ocr_line' id='line_1_36' title="bbox 93 3389 1187 3473; baseline 0.005 -20"><span class='ocrx_word' id='word_1_308' title='bbox 93 3401 116 3453; x_wconf 85' lang='lat' dir='ltr'>t.</span> <span class='ocrx_word' id='word_1_309' title='bbox 135 3393 187 3452; x_wconf 87' lang='lat'>111</span> <span class='ocrx_word' id='word_1_310' title='bbox 205 3389 244 3467; x_wconf 87' lang='lat' dir='ltr'>(a.</span> <span class='ocrx_word' id='word_1_311' title='bbox 265 3391 369 3468; x_wconf 82' lang='lat'>1829),</span> <span class='ocrx_word' id='word_1_312' title='bbox 393 3415 420 3473; x_wconf 93' lang='lat' dir='ltr'>p.</span> <span class='ocrx_word' id='word_1_313' title='bbox 441 3395 502 3453; x_wconf 84' lang='grc'>324</span> <span class='ocrx_word' id='word_1_314' title='bbox 520 3414 557 3454; x_wconf 88' lang='lat' dir='ltr'>ss.</span> <span class='ocrx_word' id='word_1_315' title='bbox 576 3393 635 3454; x_wconf 89' lang='lat' dir='ltr'>vid.</span> <span class='ocrx_word' id='word_1_316' title='bbox 654 3401 807 3473; x_wconf 87' lang='lat' dir='ltr'>praeterea</span> <span class='ocrx_word' id='word_1_317' title='bbox 827 3396 978 3472; x_wconf 89' lang='lat' dir='ltr'>inprimis</span> <span class='ocrx_word' id='word_1_318' title='bbox 995 3395 1187 3458; x_wconf 87' lang='lat' dir='ltr'>Woelfflinus</span> 
     </span>
     <span class='ocr_line' id='line_1_37' title="bbox 95 3477 1188 3560; baseline 0.005 -23"><span class='ocrx_word' id='word_1_319' title='bbox 95 3483 131 3537; x_wconf 95' lang='lat' dir='ltr'>in</span> <span class='ocrx_word' id='word_1_320' title='bbox 153 3481 225 3538; x_wconf 90' lang='lat' dir='ltr'>actis</span> <span class='ocrx_word' id='word_1_321' title='bbox 248 3477 330 3538; x_wconf 88' lang='lat' dir='ltr'>acad.</span> <span class='ocrx_word' id='word_1_322' title='bbox 348 3481 456 3538; x_wconf 86' lang='lat' dir='ltr'>Bavar.</span> <span class='ocrx_word' id='word_1_323' title='bbox 475 3500 501 3538; x_wconf 91' lang='lat' dir='ltr'>a.</span> <span class='ocrx_word' id='word_1_324' title='bbox 521 3481 611 3553; x_wconf 85' lang='lat'>1881,</span> <span class='ocrx_word' id='word_1_325' title='bbox 630 3479 689 3538; x_wconf 92' lang='lat' dir='ltr'>vol.</span> <span class='ocrx_word' id='word_1_326' title='bbox 706 3479 748 3552; x_wconf 84' lang='grc' dir='ltr'>ΙΙ,</span> <span class='ocrx_word' id='word_1_327' title='bbox 767 3500 796 3558; x_wconf 93' lang='lat' dir='ltr'>p.</span> <span class='ocrx_word' id='word_1_328' title='bbox 816 3481 832 3536; x_wconf 93' lang='lat'>1</span> <span class='ocrx_word' id='word_1_329' title='bbox 852 3499 899 3554; x_wconf 82' lang='lat' dir='ltr'>ss,</span> <span class='ocrx_word' id='word_1_330' title='bbox 922 3499 1009 3560; x_wconf 91' lang='lat' dir='ltr'>quem</span> <span class='ocrx_word' id='word_1_331' title='bbox 1031 3487 1131 3542; x_wconf 86' lang='lat' dir='ltr'>tamen</span> <span class='ocrx_word' id='word_1_332' title='bbox 1149 3482 1188 3542; x_wconf 87' lang='lat' dir='ltr'>de</span> 
     </span>
     <span class='ocr_line' id='line_1_38' title="bbox 96 3563 1186 3644; baseline 0.004 -22"><span class='ocrx_word' id='word_1_333' title='bbox 96 3583 129 3624; x_wconf 87' lang='lat' dir='ltr'>re</span> <span class='ocrx_word' id='word_1_334' title='bbox 145 3566 286 3624; x_wconf 91' lang='lat' dir='ltr'>universa</span> <span class='ocrx_word' id='word_1_335' title='bbox 303 3567 401 3624; x_wconf 86' lang='lat' dir='ltr'>minus</span> <span class='ocrx_word' id='word_1_336' title='bbox 417 3573 495 3624; x_wconf 88' lang='lat' dir='ltr'>recte</span> <span class='ocrx_word' id='word_1_337' title='bbox 512 3565 564 3624; x_wconf 93' lang='lat' dir='ltr'>illo</span> <span class='ocrx_word' id='word_1_338' title='bbox 577 3563 723 3624; x_wconf 89' lang='lat' dir='ltr'>iudicasse</span> <span class='ocrx_word' id='word_1_339' title='bbox 737 3583 897 3624; x_wconf 88' lang='lat' dir='ltr'>censemus.</span> <span class='ocrx_word' id='word_1_340' title='bbox 922 3565 1011 3624; x_wconf 89' lang='lat' dir='ltr'>huius</span> <span class='ocrx_word' id='word_1_341' title='bbox 1028 3567 1120 3644; x_wconf 86' lang='lat' dir='ltr'>igitur</span> <span class='ocrx_word' id='word_1_342' title='bbox 1135 3567 1186 3626; x_wconf 93' lang='lat' dir='ltr'>ad·</span> 
     </span>
     <span class='ocr_line' id='line_1_39' title="bbox 96 3647 1187 3731; baseline 0.003 -24"><span class='ocrx_word' id='word_1_343' title='bbox 96 3647 288 3708; x_wconf 90' lang='lat' dir='ltr'>litterationis</span> <span class='ocrx_word' id='word_1_344' title='bbox 304 3649 451 3728; x_wconf 87' lang='lat' dir='ltr'>permulta</span> <span class='ocrx_word' id='word_1_345' title='bbox 468 3651 500 3708; x_wconf 92' lang='lat' dir='ltr'>in</span> <span class='ocrx_word' id='word_1_346' title='bbox 514 3653 595 3710; x_wconf 91' lang='lat' dir='ltr'>omni</span> <span class='ocrx_word' id='word_1_347' title='bbox 612 3669 721 3726; x_wconf 87' lang='lat' dir='ltr'>genere</span> <span class='ocrx_word' id='word_1_348' title='bbox 738 3653 835 3730; x_wconf 89' lang='lat' dir='ltr'>poesis</span> <span class='ocrx_word' id='word_1_349' title='bbox 849 3649 1036 3710; x_wconf 77' lang='lat' dir='ltr'>Catullianae</span> <span class='ocrx_word' id='word_1_350' title='bbox 1050 3653 1187 3731; x_wconf 83' lang='lat' dir='ltr'>exempla</span> 
     </span>
     <span class='ocr_line' id='line_1_40' title="bbox 98 3735 1187 3816; baseline 0.002 -24"><span class='ocrx_word' id='word_1_351' title='bbox 98 3742 209 3808; x_wconf 85' lang='lat' dir='ltr'>extant,</span> <span class='ocrx_word' id='word_1_352' title='bbox 229 3754 408 3814; x_wconf 86' lang='lat' dir='ltr'>quamquam</span> <span class='ocrx_word' id='word_1_353' title='bbox 424 3735 555 3814; x_wconf 84' lang='lat' dir='ltr'>profecto</span> <span class='ocrx_word' id='word_1_354' title='bbox 573 3755 633 3795; x_wconf 91' lang='lat' dir='ltr'>non</span> <span class='ocrx_word' id='word_1_355' title='bbox 650 3742 695 3795; x_wconf 91' lang='lat' dir='ltr'>tot</span> <span class='ocrx_word' id='word_1_356' title='bbox 712 3742 781 3794; x_wconf 89' lang='lat' dir='ltr'>sunt</span> <span class='ocrx_word' id='word_1_357' title='bbox 797 3743 869 3816; x_wconf 91' lang='lat' dir='ltr'>quot</span> <span class='ocrx_word' id='word_1_358' title='bbox 886 3755 950 3795; x_wconf 88' lang='lat' dir='ltr'>esse</span> <span class='ocrx_word' id='word_1_359' title='bbox 967 3736 1026 3795; x_wconf 89' lang='lat' dir='ltr'>sibi</span> <span class='ocrx_word' id='word_1_360' title='bbox 1041 3739 1187 3815; x_wconf 83' lang='lat' dir='ltr'>persuasit</span> 
     </span>
     <span class='ocr_line' id='line_1_41' title="bbox 98 3817 1187 3900; baseline 0.002 -22"><span class='ocrx_word' id='word_1_361' title='bbox 98 3817 221 3879; x_wconf 80' lang='lat' dir='ltr'>Carolus</span> <span class='ocrx_word' id='word_1_362' title='bbox 243 3820 340 3878; x_wconf 89' lang='lat' dir='ltr'>Ziwsa</span> <span class='ocrx_word' id='word_1_363' title='bbox 361 3823 394 3879; x_wconf 91' lang='lat' dir='ltr'>in</span> <span class='ocrx_word' id='word_1_364' title='bbox 415 3823 617 3899; x_wconf 88' lang='lat' dir='ltr'>prioreparte</span> <span class='ocrx_word' id='word_1_365' title='bbox 641 3824 895 3880; x_wconf 86' lang='lat' dir='ltr'>commentationis</span> <span class='ocrx_word' id='word_1_366' title='bbox 918 3840 994 3900; x_wconf 86' lang='lat' dir='ltr'>quae</span> <span class='ocrx_word' id='word_1_367' title='bbox 1015 3821 1187 3880; x_wconf 89' lang='lat' dir='ltr'>inscribitur</span> 
     </span>
     <span class='ocr_line' id='line_1_42' title="bbox 99 3903 1186 3983; baseline 0.003 -22"><span class='ocrx_word' id='word_1_368' title='bbox 99 3903 163 3964; x_wconf 85' lang='lat' dir='ltr'>‘die</span> <span class='ocrx_word' id='word_1_369' title='bbox 183 3903 422 3983; x_wconf 78' lang='lat' dir='ltr'>eruhythmische</span> <span class='ocrx_word' id='word_1_370' title='bbox 440 3905 578 3964; x_wconf 83' lang='lat' dir='ltr'>Technik</span> <span class='ocrx_word' id='word_1_371' title='bbox 600 3905 650 3966; x_wconf 85' lang='lat' dir='ltr'>des</span> <span class='ocrx_word' id='word_1_372' title='bbox 669 3903 816 3965; x_wconf 79' lang='lat' dir='ltr'>Catullus’</span> <span class='ocrx_word' id='word_1_373' title='bbox 838 3906 1035 3966; x_wconf 86' lang='lat' dir='ltr'>Vindobonae</span> <span class='ocrx_word' id='word_1_374' title='bbox 1058 3927 1083 3964; x_wconf 85' lang='lat' dir='ltr'>a.</span> <span class='ocrx_word' id='word_1_375' title='bbox 1104 3907 1186 3964; x_wconf 80' lang='lat'>1879</span> 
     </span>
     <span class='ocr_line' id='line_1_43' title="bbox 98 3988 1187 4071; baseline 0.002 -23"><span class='ocrx_word' id='word_1_376' title='bbox 98 3988 257 4067; x_wconf 66' lang='lat' dir='ltr'>publicata,</span> <span class='ocrx_word' id='word_1_377' title='bbox 281 3993 333 4070; x_wconf 90' lang='lat' dir='ltr'>qui</span> <span class='ocrx_word' id='word_1_378' title='bbox 351 3989 424 4071; x_wconf 90' lang='lat' dir='ltr'>quid</span> <span class='ocrx_word' id='word_1_379' title='bbox 441 3999 517 4052; x_wconf 89' lang='lat' dir='ltr'>esset</span> <span class='ocrx_word' id='word_1_380' title='bbox 539 3989 717 4050; x_wconf 85' lang='lat' dir='ltr'>adlitteratio</span> <span class='ocrx_word' id='word_1_381' title='bbox 735 4011 839 4070; x_wconf 90' lang='lat' dir='ltr'>parum</span> <span class='ocrx_word' id='word_1_382' title='bbox 857 4011 962 4050; x_wconf 87' lang='lat' dir='ltr'>curans</span> <span class='ocrx_word' id='word_1_383' title='bbox 979 3995 1013 4049; x_wconf 94' lang='lat' dir='ltr'>in</span> <span class='ocrx_word' id='word_1_384' title='bbox 1030 3991 1187 4052; x_wconf 89' lang='lat' dir='ltr'>statuenda</span> 
     </span>
     <span class='ocr_line' id='line_1_44' title="bbox 98 4074 1187 4156; baseline 0.002 -24"><span class='ocrx_word' id='word_1_385' title='bbox 98 4093 135 4133; x_wconf 86' lang='lat' dir='ltr'>ea</span> <span class='ocrx_word' id='word_1_386' title='bbox 156 4074 313 4134; x_wconf 88' lang='lat' dir='ltr'>ridiculum</span> <span class='ocrx_word' id='word_1_387' title='bbox 334 4077 367 4134; x_wconf 94' lang='lat' dir='ltr'>in</span> <span class='ocrx_word' id='word_1_388' title='bbox 388 4075 509 4135; x_wconf 89' lang='lat' dir='ltr'>modum</span> <span class='ocrx_word' id='word_1_389' title='bbox 530 4076 701 4135; x_wconf 85' lang='lat' dir='ltr'>luxuriavit.</span> <span class='ocrx_word' id='word_1_390' title='bbox 741 4095 838 4155; x_wconf 88' lang='lat' dir='ltr'>neque</span> <span class='ocrx_word' id='word_1_391' title='bbox 858 4095 928 4135; x_wconf 88' lang='lat' dir='ltr'>vero</span> <span class='ocrx_word' id='word_1_392' title='bbox 947 4079 1083 4156; x_wconf 90' lang='lat' dir='ltr'>quamvis</span> <span class='ocrx_word' id='word_1_393' title='bbox 1101 4075 1187 4134; x_wconf 89' lang='lat' dir='ltr'>adlit·</span> 
     </span>
    </p>
   </div>
   <div class='ocr_carea' id='block_1_4' title="bbox 98 4160 1185 4300">
    <p class='ocr_par' dir='ltr' id='par_1_4' title="bbox 98 4160 1185 4300">
     <span class='ocr_line' id='line_1_45' title="bbox 98 4160 1185 4240; baseline 0.004 -22"><span class='ocrx_word' id='word_1_394' title='bbox 98 4164 272 4220; x_wconf 86' lang='lat' dir='ltr'>terationem</span> <span class='ocrx_word' id='word_1_395' title='bbox 302 4160 466 4240; x_wconf 90' lang='lat' dir='ltr'>putandum</span> <span class='ocrx_word' id='word_1_396' title='bbox 497 4168 541 4222; x_wconf 89' lang='lat' dir='ltr'>est</span> <span class='ocrx_word' id='word_1_397' title='bbox 571 4160 704 4220; x_wconf 88' lang='lat' dir='ltr'>consulto</span> <span class='ocrx_word' id='word_1_398' title='bbox 731 4169 760 4220; x_wconf 93' lang='lat' dir='ltr'>et</span> <span class='ocrx_word' id='word_1_399' title='bbox 790 4163 918 4238; x_wconf 83' lang='lat' dir='ltr'>cogitate</span> <span class='ocrx_word' id='word_1_400' title='bbox 944 4160 1087 4222; x_wconf 88' lang='lat' dir='ltr'>adscitam</span> <span class='ocrx_word' id='word_1_401' title='bbox 1112 4181 1185 4223; x_wconf 88' lang='lat' dir='ltr'>esse.</span> 
     </span>
     <span class='ocr_line' id='line_1_46' title="bbox 979 4257 1015 4300; baseline 0 -17"><span class='ocrx_word' id='word_1_402' title='bbox 979 4257 1015 4300; x_wconf 64' lang='grc' dir='ltr'>μ</span> 
     </span>
    </p>
   </div>
   <div class='ocr_carea' id='block_1_5' title="bbox 0 0 1492 4990">
    <p class='ocr_par' dir='ltr' id='par_1_5' title="bbox 0 0 1492 4990">
     <span class='ocr_line' id='line_1_47' title="bbox 0 0 1492 4990; baseline 0 0"><span class='ocrx_word' id='word_1_403' title='bbox 0 0 1492 4990; x_wconf 95' lang='lat' dir='ltr'> </span> 
     </span>
    </p>
   </div>
  </div>
 </body>
</html>
