2976 5004
556 383 672 438 mauu
1098 366 1140 430 41

114 529 182 594 ego
200 527 287 573 nunc
304 508 400 573 deum
418 505 560 571 ministra
577 517 609 572 et
627 505 766 591 Cybeles
783 503 903 570 famula
920 505 1022 572 ferar?

114 623 182 688 ego
200 623 340 679 maenas,
359 622 419 686 ego
437 601 500 665 mei
517 623 602 685 pars,
621 622 682 686 ego
700 601 749 665 vir
765 600 878 666 sterilis
896 599 968 665 ero?

117 717 182 782 ego
202 696 310 760 viridis
329 695 436 780 algida
453 695 531 758 Idae
549 695 621 758 nive
640 693 755 759 amicta
771 695 842 760 loca
859 693 981 758 oolam?
1160 703 1199 759 'lo

117 811 183 874 ego
202 787 300 854 vitam
318 812 412 874 agam
430 789 489 852 sub
508 789 579 853 altis
596 788 758 872 Phrygiae
776 787 997 862 columinibus,

117 883 177 946 ubi
196 905 291 948 cerva
307 882 503 956 silvicultrix,
521 881 576 945 ubi
594 903 671 966 aper
689 880 930 965 nemorivagus?

117 976 185 1039 iam
204 976 268 1040 iam
286 975 371 1041 dolet
389 975 475 1058 quod
493 975 555 1059 egi,
572 975 637 1038 iam
654 975 781 1057 iamque
797 972 959 1058 paenitet?

118 1069 221 1134 roseis
239 1080 276 1133 ut
293 1069 366 1133 huic
383 1068 507 1133 labellis
524 1068 645 1133 sonitus
663 1069 743 1132 citus
761 1067 839 1132 abiit

119 1164 267 1246 geminas
285 1163 393 1226 matris
411 1161 452 1226 ad
469 1162 554 1226 auris
571 1183 655 1225 nova
672 1161 783 1226 nuntia
800 1161 951 1237 referens,
1161 1173 1199 1228 to

119 1257 167 1320 ibi
184 1256 293 1321 iuncta
309 1256 386 1341 iuga
401 1257 563 1321 resolvens
582 1253 704 1340 Cybele
722 1254 866 1321 leonibus

119 1351 314 1433 laevumque
331 1349 453 1435 pecoris
472 1349 593 1414 hostem
611 1349 776 1412 stimulans
794 1348 839 1413 ita
853 1348 1004 1432 loquitur.

121 1443 292 1529 ‘agedum'
314 1443 418 1527 inquit
438 1450 513 1528 ‘age
532 1442 622 1507 ferox
639 1442 660 1518 i,
683 1443 755 1507 face
771 1452 807 1506 ut
824 1441 911 1508 hunc
928 1443 1017 1507 furor
1034 1440 1143 1526 agitet,

120 1535 194 1602 face
211 1536 258 1600 uti
275 1537 390 1600 furoris
407 1536 473 1600 ictu
489 1535 626 1600 reditum
644 1535 677 1599 in
694 1557 824 1600 nemora
841 1536 933 1611 ferat,

121 1652 197 1694 mea
212 1629 311 1694 libere
329 1629 421 1694 nimis
439 1629 494 1712 qui
512 1629 623 1714 fugere
640 1629 773 1714 imperia
790 1629 887 1715 cupit.

122 1745 183 1809 age
202 1723 299 1788 caede
316 1714 408 1809 terga
422 1722 534 1797 cauda,
558 1733 613 1787 tua
629 1723 762 1788 verbera
778 1733 896 1807 patere,

121 1815 193 1881 face
211 1827 326 1881 cuncta
343 1815 496 1900 mugienti
515 1815 641 1879 fremitu
658 1815 729 1880 loca
746 1826 900 1892 rotonent,

122 1911 249 1974 rutilam
268 1910 357 1975 ferox
374 1920 479 1973 torosa
497 1910 618 1973 cervice
636 1921 732 1992 quate
749 1909 878 1973 iubam!

122 2004 168 2067 ait
185 2003 264 2068 haec
281 2003 389 2067 minax
408 1999 542 2086 Cybebe
559 2002 736 2086 religatque
753 2002 831 2086 iuga
847 2024 955 2067 manu.

109 2097 210 2162 ,ferus
227 2096 295 2183 ipse
313 2119 383 2162 sese
400 2095 570 2160 adhortans
588 2094 734 2179 rapidum
751 2095 863 2161 incitat
879 2096 997 2171 animo,

123 2191 220 2267 vadit,
238 2191 353 2266 fremit,
372 2189 515 2274 refringit
534 2189 673 2274 virgulta
690 2189 771 2273 pede
790 2211 882 2274 vago.

123 2295 157 2350 at
173 2285 228 2349 ubi
245 2285 354 2350 umida
371 2283 535 2348 albicantis
552 2283 622 2347 loca
638 2282 738 2346 litoris
756 2283 844 2361 adiit,

123 2393 327 2463 teneramque
345 2378 423 2442 vidit
441 2377 534 2441 Attin
551 2398 649 2462 prope
667 2398 825 2442 marmora
841 2376 957 2465 palagi,

123 2473 200 2539 facit
216 2474 383 2559 impetum:
406 2472 461 2535 illa
478 2472 607 2535 demens
625 2469 709 2555 fugit
726 2471 758 2534 in
775 2471 1006 2537 nemoralem:

123 2567 167 2631 ibi
187 2591 311 2652 semper
329 2588 423 2630 omne
441 2565 525 2629 vitae
543 2563 681 2648 spatium
699 2564 818 2629 famula
835 2565 905 2628 fuit.

125 2662 193 2738 dea,
211 2684 328 2746 magna
345 2661 415 2736 dea,
434 2657 579 2744 Cybebe,
598 2659 658 2722 dea
675 2658 804 2722 domina
821 2658 987 2742 Dindymi,

124 2757 233 2844 procul
251 2779 270 2820 a
288 2778 359 2818 mea
375 2765 450 2817 tuus
468 2753 508 2817 sit
526 2752 614 2817 furor
631 2753 743 2826 omnis,
763 2773 828 2830 era,
847 2753 957 2816 domo:

125 2852 201 2916 alios
219 2871 280 2934 age
296 2847 451 2922 incitatos,
470 2845 546 2910 alios
565 2867 625 2929 age
642 2844 780 2909 rabidos.

566 3193 695 3258 LXIV.

124 3317 252 3386 Peliaco
269 3313 429 3400 quondam
448 3322 620 3398 prognatae
638 3311 755 3378 vertice
773 3311 868 3397 pinus

126 3413 270 3478 dicuntur
286 3409 422 3492 liquidas
441 3405 580 3490 Neptuni
598 3427 690 3469 nasse
710 3427 767 3490 per
785 3406 885 3470 undas

124 3504 278 3572 Phasidos
295 3503 337 3567 ad
354 3502 467 3566 fluctus
486 3512 517 3564 et
534 3499 612 3563 lines
630 3500 780 3574 Aeeteos,

125 3623 195 3668 curn
212 3597 285 3663 lecti
302 3598 443 3670 iuvenes,
460 3593 602 3677 Argivae
620 3593 733 3657 robora
750 3592 855 3677 pubis,

125 3703 265 3759 auratam
283 3699 425 3775 optantes
444 3685 572 3752 Colchis
591 3698 732 3752 avertere
750 3686 867 3771 pellem

125 3786 191 3854 ausi
209 3796 281 3851 sunt
298 3784 380 3848 vada
397 3783 480 3846 salsa
498 3781 560 3846 cita
578 3781 743 3846 decurrere
760 3779 874 3865 puppi,

126 3881 248 3948 caerula
265 3888 426 3943 verrentes
444 3874 588 3960 abiegnis
607 3895 747 3957 aequora
763 3873 886 3958 palmis.

126 3975 195 4041 diva
212 3974 328 4058 quibus
345 3971 482 4035 retinens
499 3968 532 4032 in
551 3968 683 4033 summis
701 3967 832 4031 urbibus
851 3987 939 4031 arces

125 4071 191 4155 ipsa
207 4067 270 4133 levi
288 4065 366 4131 fecit
383 4064 568 4128 volitantem
585 4061 712 4126 flamine
731 4081 868 4137 currum,

125 4164 216 4250 pinea
234 4159 430 4245 coniungens
447 4157 582 4223 inflexae
599 4165 687 4221 texta
705 4154 840 4219 carinae.
