2954 4990
275 327 336 370 Lxx
709 324 946 370 Pnouueoltfflut.

276 447 423 518 Volusius,
450 451 538 524 poeta
559 445 717 502 Ennianae
742 447 813 502 artis
840 444 987 504 studiosus
1012 463 1067 504 nec
1089 447 1222 522 ingratus
1244 447 1380 525 populo,

276 551 331 612 psr
355 550 387 590 se
411 551 473 590 non
498 532 569 588 satis
595 537 663 608 apte
689 529 819 608 profecto
845 532 1052 608 aequiperatur
1072 529 1250 590 Antimacho
1279 532 1379 592 Colo·
1452 537 1453 580 l

276 617 395 696 phouio,
419 615 523 675 doctae
540 617 637 694 poesie
654 615 779 673 antistiti
797 622 826 674 et
843 617 894 694 qui
911 617 944 672 in
961 615 1049 674 rebus
1067 635 1129 674 non
1145 617 1246 694 paucis
1265 635 1378 676 exem-

275 703 358 782 plum
374 699 590 760 Alexandrinis
610 702 704 778 poetis
725 700 900 777 praebuerit.
936 699 989 758 sed
1010 699 1122 760 suffecit
1144 701 1262 761 Catullo
1286 703 1380 780 quod

274 790 301 846 is
319 785 502 848 Callimacho
519 787 659 860 magistro
677 785 849 862 inprobatus
866 791 937 844 erat.
964 788 1048 843 cuius
1065 784 1145 845 modi
1162 788 1254 844 nimia
1274 787 1378 846 alieni

275 873 379 931 iudicii
405 872 528 929 imitatio
551 869 802 928 adulescentulum
823 869 945 948 prodere
967 869 1086 928 videtur
1108 870 1225 930 scholae
1246 871 1377 949 placitis

275 957 343 1036 plus
369 975 463 1034 aequo
490 955 780 1033 etiaminplicitum,
812 954 1080 1032 confirmanturque
1105 955 1176 1014 hinc
1200 976 1304 1014 rursus
1335 976 1377 1016 ea

276 1060 354 1121 quae
371 1061 458 1118 supra
477 1039 514 1098 de
535 1047 664 1119 tempore
687 1042 849 1098 carminum
866 1039 953 1100 XCV
971 1049 1001 1098 et
1016 1039 1120 1099 XCV*
1139 1040 1375 1118 disputavimus.

339 1126 404 1184 Iam
421 1128 446 1184 si
464 1126 550 1203 plura
570 1125 656 1184 nobis
673 1123 897 1184 Alexandrinae
918 1127 1014 1202 poesis
1036 1133 1225 1186 monumenta
1246 1135 1375 1186 servata

275 1217 380 1284 essent,
399 1211 490 1270 multo
508 1210 634 1289 plenius,
653 1218 795 1290 quantum
813 1208 949 1269 Catullus
967 1229 1006 1268 ex
1023 1228 1058 1268 ea
1075 1209 1212 1288 pendeat,
1231 1211 1374 1272 iudicare

274 1297 383 1356 liceret.
417 1317 498 1354 nunc
520 1298 656 1354 intanta
678 1297 839 1354 carminum
861 1294 1133 1354 Alexandrinorum
1158 1299 1275 1354 iactura
1297 1297 1372 1356 huic
1452 1311 1453 1324 ¹

275 1383 440 1462 quaestioni
461 1401 522 1439 non
543 1387 638 1460 potest
659 1381 719 1438 nisi
740 1399 778 1438 ex
799 1387 881 1456 parte
904 1383 975 1438 satis
997 1380 1069 1439 fieri.
1105 1382 1208 1456 igitur,
1235 1389 1271 1439 ut
1294 1402 1313 1440 a
1336 1401 1371 1441 rc
1452 1409 1453 1412 ¹

274 1468 364 1545 louge
389 1469 552 1526 certissima
574 1464 735 1536 ordiamur,
763 1484 875 1524 comam
895 1465 1053 1524 Berenices
1075 1465 1131 1524 sibi
1158 1484 1369 1544 expressam

274 1571 339 1611 esse
356 1570 374 1610 e
391 1550 572 1611 Callimacho
591 1553 655 1628 ipse
672 1556 759 1628 poeta
776 1557 900 1608 testatur
917 1571 940 1608 c.
957 1550 1045 1608 LXV
1060 1551 1108 1608 16.
1134 1569 1231 1630 neque
1248 1560 1297 1610 est
1314 1573 1370 1611 cur

274 1637 439 1696 dubitemus
466 1637 539 1713 quin
565 1633 712 1705 Catullus,
743 1634 842 1712 quoad
871 1636 956 1694 metri
982 1637 1140 1694 necessitas
1170 1638 1368 1713 permitteret,

275 1725 346 1780 satis
364 1729 500 1780 accurate
519 1719 644 1795 elegiam
662 1718 818 1778 Battiadae
835 1722 1019 1778 converterit.
1046 1719 1123 1780 conf.
1137 1718 1171 1780 Ο.
1187 1720 1369 1782 Schneideri

275 1805 540 1866 Callimacheorum
552 1803 610 1862 vol.
624 1804 666 1878 H,
679 1824 708 1882 p.
724 1804 783 1862 146
798 1822 834 1863 ss.
853 1823 930 1883 quae
947 1812 1045 1864 autem
1061 1805 1131 1864 huic
1147 1805 1261 1882 elegiae
1279 1827 1368 1886 prae-

273 1894 364 1951 missa
386 1898 430 1950 est
456 1889 495 1948 ad
517 1888 652 1950 Ortalum
678 1889 812 1967 epistula,
840 1907 877 1948 ea
902 1891 1031 1966 imagine
1056 1892 1231 1950 terminatur
1255 1892 1367 1951 coloris
1452 1887 1453 1896 ’

273 1996 391 2057 prorsus
413 1973 624 2048 Alexandrini,
651 1981 685 2032 ut
710 1975 820 2033 fuerint
842 1976 893 2054 qui
919 1983 1077 2053 praeeunte
1099 1976 1282 2035 Rossbachio
1310 1997 1369 2037 sex

273 2081 375 2122 versus
402 2069 547 2122 extremos
570 2081 589 2118 a
610 2058 854 2138 praecedentibus
879 2059 1026 2118 seiunctos
1052 2080 1105 2138 pro
1130 2068 1214 2139 parte
1240 2061 1367 2122 alterius

274 2147 425 2208 cuiusdam
444 2147 557 2222 elegiae
573 2145 675 2204 itidem
693 2165 712 2203 a
729 2144 847 2205 Catullo
865 2163 883 2203 e
900 2144 1080 2205 Callimacho
1099 2165 1255 2224 expressae
1271 2146 1368 2209 habe·

272 2241 346 2292 rent.
377 2231 453 2292 conf.
473 2231 505 2290 C.
523 2230 674 2289 Diltheius
692 2229 729 2287 de
747 2229 863 2290 Callim.
882 2229 1020 2309 Cydippe
1037 2251 1065 2310 p.
1084 2231 1133 2288 65.
1161 2250 1266 2290 uerum
1288 2232 1367 2293 haec

273 2319 373 2397 opinio
392 2319 452 2376 iam
474 2315 512 2374 ab
534 2315 720 2394 aequalitatis
742 2314 905 2374 rationibus
927 2318 1094 2374 reiectanea
1116 2323 1168 2375 est.
1202 2336 1272 2374 nam
1295 2339 1365 2378 cum

272 2403 397 2481 protasis
413 2401 506 2477 longa
526 2400 736 2458 interclusione
756 2407 843 2457 aucta
864 2418 917 2478 per
938 2399 1171 2479 quattuordecim
1187 2420 1291 2461 versus
1313 2402 1367 2464 de·

274 2495 379 2557 currat,
405 2486 484 2544 male
509 2492 680 2564 sequeretur
705 2483 841 2561 epodosis
863 2485 976 2544 duobus
997 2495 1113 2545 tantum
1133 2485 1266 2544 distichis
1294 2509 1367 2548 con-

273 2571 425 2650 prehensa.
461 2571 562 2647 itaque
579 2571 621 2628 sic
643 2571 739 2647 potius
762 2570 925 2642 statuimus,
950 2570 1099 2630 Catullum
1119 2590 1158 2630 ne
1179 2573 1212 2630 in
1233 2573 1366 2649 epistula

273 2656 392 2736 quidem
409 2673 486 2734 quae
504 2674 618 2714 comam
635 2653 792 2714 Berenices
810 2654 849 2713 ad
863 2653 998 2714 Ortalum
1015 2654 1189 2715 mittendam
1208 2659 1363 2718 comitare·

271 2752 319 2802 tur
344 2743 381 2802 ab
407 2741 547 2800 universa
567 2738 793 2798 Alexandrinae
819 2744 915 2819 poesis
937 2740 1037 2800 indole
1063 2741 1200 2801 recedere
1221 2741 1363 2803 voluisse.

272 2827 379 2888 deinde
396 2825 549 2906 praeclara
565 2824 618 2884 illa
635 2824 673 2883 ad
690 2823 805 2884 Allium
823 2825 927 2902 elegia,
950 2826 1005 2885 etsi
1022 2833 1083 2885 tota
1100 2826 1188 2886 rebus
1205 2825 1244 2884 ad
1266 2831 1363 2906 ipsius

272 2917 365 2973 vitam
389 2919 495 2991 poetae
521 2910 736 2990 pertinentibus
762 2912 874 2982 nititur,
902 2910 1031 2970 dubitari
1056 2919 1156 2970 tamen
1176 2932 1237 2970 non
1263 2921 1364 2991 potest
1452 2907 1453 2914 '

271 3001 343 3078 quin
360 3000 393 3056 in
410 2996 509 3057 media
526 2997 630 3056 saltem
647 3003 731 3074 parte
752 2995 841 3073 plane
859 2994 899 3054 ‘ad
920 2995 1072 3075 exemplar
1088 2995 1364 3060 Alexandrinarum

271 3085 432 3161 elegiarum
452 3084 603 3160 conposita
621 3083 671 3140 sit:
695 3089 754 3139 tam
772 3080 928 3139 artificiose
945 3080 988 3139 ibi
1006 3083 1169 3140 encomium
1188 3083 1275 3141 amici
1292 3104 1363 3144 cum
1452 3107 1453 3112 ¹

271 3170 398 3228 Lesbiae
419 3167 557 3225 laudibus
579 3174 609 3226 et
629 3165 810 3225 Laodamiae
832 3167 939 3224 amoris
961 3170 1130 3226 narratione
1152 3173 1181 3226 et
1204 3166 1302 3226 fratris
1328 3172 1363 3229 in

272 3263 350 3312 terra
367 3253 499 3309 Troiana
519 3254 627 3310 mortui
648 3250 860 3310 lamentatione
881 3252 1054 3324 conectitur,
1077 3250 1290 3330 manifestaque
1313 3263 1363 3314 est

271 3341 304 3396 in
322 3335 580 3412 conparationibus
596 3337 788 3414 potissimum,
807 3355 930 3416 quarum
945 3338 1063 3395 omnino
1077 3357 1202 3414 magnus
1220 3355 1360 3398 numerus

271 3424 430 3491 invenitur,
453 3419 599 3497 quaedam
620 3422 817 3500 exquisitioris
838 3420 989 3480 doctrinae
1011 3425 1147 3501 captatio.
1183 3421 1362 3500 epylliorum

272 3514 371 3567 autem
391 3503 664 3564 Alexandrinorum
688 3506 851 3565 imitatione
873 3506 995 3584 adparet
1017 3526 1136 3566 carmen
1150 3505 1197 3566 ..de
1219 3507 1304 3568 Pelei
1330 3519 1361 3568 et

271 3591 407 3652 Thetidis
425 3590 536 3666 nuptiis
555 3589 665 3648 factum
682 3609 754 3650 esse.
789 3609 866 3668 quae
882 3591 1000 3671 quidem
1017 3593 1143 3651 imitatio
1161 3592 1256 3671 qualis
1275 3595 1313 3652 sit
1329 3603 1360 3654 et

272 3678 379 3757 quibus
401 3675 584 3754 potissimum
607 3691 645 3732 ex
665 3674 753 3734 rebus
776 3683 969 3752 cognoscatur
991 3678 1030 3736 M.
1049 3677 1198 3754 Hauptius
1226 3680 1356 3756 opuscul.

271 3765 312 3837 II,
331 3784 359 3841 p.
380 3761 418 3820 75
432 3779 470 3819 ss.
495 3758 718 3832 demonstravit,
746 3758 882 3839 idemque
904 3760 1004 3820 docuit
1025 3762 1188 3835 Catullum,
1212 3783 1279 3821 cum
1300 3763 1360 3824 for-

272 3869 350 3908 mam
366 3843 591 3905 Alexandrinae
608 3846 704 3922 poesis
722 3844 833 3924 epyllio
851 3865 903 3906 suo
922 3850 1110 3925 exprimeret,
1132 3865 1188 3906 nec
1209 3847 1249 3906 ad
1266 3869 1357 3908 unum

272 3933 375 3994 ducem
393 3951 424 3992 se
442 3929 612 3989 adiunxisse
630 3949 725 4009 neque
744 3930 780 3989 ab
800 3933 1013 4011 antiquioribus
1031 3935 1124 4011 poetis
1143 3931 1264 3992 Graecis
1282 3935 1358 3992 nihil

271 4026 436 4077 mutuatum
463 4034 533 4074 esse.
568 4015 643 4076 conf.
666 4018 754 4074 etiam
780 4015 813 4076 C.
835 4017 869 4074 P.
893 4015 1047 4076 Schulzius
1072 4021 1105 4077 in
1130 4017 1228 4076 annal.
1254 4018 1356 4098 philol.

273 4103 400 4176 CXXV,
417 4123 444 4181 p.
465 4103 527 4159 210
540 4121 576 4161 ss.
612 4101 746 4161 similiter
763 4100 800 4162 de
818 4101 923 4162 Attine
937 4102 1056 4164 videtur
1071 4102 1264 4162 iudicandum
1286 4123 1356 4164 esse.
1452 4163 1453 4188 ζ
