2976 5004
746 347 918 407 curuum

768 538 894 607 cvm.
963 489 967 494 ⁵

365 657 413 737 Si,
433 657 569 744 Comini,
586 660 697 746 populi
715 658 844 724 arbitrio
862 671 918 725 tus
935 683 1015 726 cunc
1032 671 1178 728 senectus

407 764 555 840 spurcata
571 753 692 838 inpuris
710 753 851 820 moribus
868 753 1011 831 intereat,

363 869 427 913 non
445 846 592 931 equidem
610 847 720 912 dubito
738 846 815 932 quin
833 847 970 932 primum
989 847 1117 914 inimice
1134 849 1297 913 bonorum

407 942 516 1026 lingua
533 952 644 1005 execte
660 940 754 1005 avido
773 940 814 1004 sit
831 941 905 1005 dete
922 943 1070 1018 uulturio,

286 1055 305 1110 5
364 1035 496 1102 effossos
514 1035 623 1099 oculos
640 1047 730 1099 voret
748 1045 815 1098 atro
832 1045 962 1119 gutture
980 1057 1104 1113 corvus,

406 1128 555 1196 intestine
571 1147 677 1205 cenes,
696 1138 801 1192 cetere
819 1129 962 1194 membre
978 1128 1056 1215 lupi.

744 1385 913 1398 *—

744 1661 749 1668 .
783 1594 877 1662 CIX.
905 1659 911 1666 .

362 1714 554 1791 Iucundum,
571 1737 644 1779 mea
661 1714 736 1791 vite,
755 1715 832 1780 mihi
850 1713 999 1801 proponis
1017 1735 1157 1779 amorem

405 1811 491 1874 hunc
507 1819 651 1874 nostrum
668 1809 824 1874 internos
841 1819 1093 1894 perpetuumque
1111 1811 1191 1874 sore.

362 1906 396 1970 di
414 1903 533 1989 magni,
551 1903 646 1967 facite
664 1912 700 1967 ut
717 1925 791 1968 vere
808 1903 991 1988 promittere
1007 1903 1107 1988 possit

406 2013 502 2081 atque
519 1995 552 2059 id
570 1995 691 2061 sincere
709 1991 795 2060 diost
811 2006 842 2061 et
860 2018 901 2061 ex
918 1997 1034 2074 animo,

284 2111 304 2166 5
362 2103 400 2159 ut
416 2092 509 2156 liceat
525 2089 703 2154 nobis-tota
722 2089 897 2174 producere
915 2090 980 2155 vita

405 2194 570 2250 aeternum
586 2182 646 2249 hoc
664 2193 792 2247 sanctae
809 2182 922 2248 foedus
939 2181 1106 2249 amicitiae.

792 2657 868 2725 CX

362 2779 524 2853 Aufilena,
541 2777 645 2843 bonae
664 2800 787 2862 semper
803 2777 974 2842 laudantur
991 2775 1126 2842 amicae:

406 2873 566 2958 accipiunt
582 2870 730 2957 pretium,
749 2893 831 2954 quse
848 2871 953 2937 facere
970 2870 1149 2935 instituunt.

363 2978 409 3045 tu,
427 2966 598 3054 promisisti
616 2965 694 3029 mihi
712 2965 798 3048 quod
817 2965 958 3042 mentita,
975 2964 1144 3040 inimics’s3

406 3061 492 3145 quod
507 3082 567 3125 nec
584 3059 641 3123 das
659 3070 690 3123 et
707 3059 771 3123 fers
790 3081 895 3144 saepe,
914 3059 992 3124 facis
1009 3059 1145 3124 focinus.

284 3173 304 3228 5
362 3167 418 3220 out
434 3155 539 3219 facere
556 3152 715 3238 ingenuae
732 3164 790 3228 est,
809 3163 944 3217 autnon
961 3152 1115 3239 promisse
1133 3150 1281 3238 pudicae,

405 3248 565 3324 Aufilens‚
582 3247 657 3312 fuit:
678 3247 735 3312 sed
753 3247 827 3311 dcta
845 3247 1001 3333 corripere

361 3341 568 3408 frendendo.
600 3386 609 3404 .
641 3387 650 3405 .
682 3388 690 3405 .
717 3386 726 3404 .
749 3340 935 3425 plusquam
953 3339 1125 3406 meretricis
1143 3342 1301 3417 avaraeet,

404 3457 487 3520 quee
505 3456 574 3500 sese
591 3444 657 3500 toto
676 3454 807 3520 corpore
824 3435 993 3521 prostituit.

744 3684 914 3698 ———.

781 3911 874 3978 CXI.

358 4033 522 4111 Aufilena‚
540 4031 609 4096 viro
627 4041 807 4098 contentam
826 4031 932 4098 vivere
951 4032 1028 4109 solo,

401 4137 573 4212 nuptarum
590 4125 660 4191 laus
677 4148 696 4191 e
714 4125 861 4192 laudibus
880 4124 1017 4192 eximiis:
