2976 5004
321 335 371 410 30'

749 352 917 412 CATULLI

491 477 627 544 nuncin
644 476 817 562 quadriviis
835 487 867 543 et
884 476 1058 563 angiportis
1152 463 1173 474 '¹

492 572 596 658 glubit
612 571 832 657 magnanimos
849 570 942 636 Remi
958 581 1101 656 nepotes.

785 899 882 966 LIX.

450 1019 660 1086 Bononiensis
677 1019 750 1084 rufa
766 1019 889 1084 Rufum
905 1018 938 1084 io
954 1018 1053 1095 fellat,

453 1136 535 1178 uxor
551 1114 695 1191 Meneni,
712 1135 808 1198 saepe
825 1133 922 1196 quam
938 1113 973 1177 in
992 1112 1178 1199 sepulcretis

451 1208 574 1272 vidistis
591 1209 660 1293 ipso
678 1228 789 1292 rapere
806 1205 846 1271 de
863 1227 942 1291 rogo
960 1229 1082 1283 cenam,

451 1324 526 1368 cum
544 1302 728 1367 devolutum
746 1323 786 1366 ex
804 1300 878 1384 igne
895 1321 1090 1385 prosequens
1107 1320 1224 1388 panem

451 1395 493 1460 ab
511 1395 660 1462 semiraso
678 1393 863 1460 tunderetur
879 1403 997 1460 ustore.

792 1724 871 1789 LX.

450 1844 540 1910 Num
557 1855 589 1911 te
605 1844 717 1910 leaena
733 1843 894 1909 montibus
915 1842 1093 1927 Libystinis

451 1949 507 2003 aut
525 1937 635 2024 Scylla
650 1937 769 2004 latrans
786 1936 896 2002 infime
912 1936 1080 2023 inguinum
1097 1946 1188 2022 parto

451 2043 517 2096 tam
534 2041 640 2097 mente
658 2031 738 2096 dura
753 2029 931 2117 procreavit
948 2052 986 2095 ac
1003 2041 1114 2108 taetra,

451 2135 488 2191 ut
505 2124 656 2210 supplicis
672 2145 784 2190 vocem
801 2123 835 2188 in
852 2123 1024 2188 novissimo
1041 2145 1118 2189 casu

453 2228 666 2303 contemptam
682 2217 827 2294 haberes,
845 2237 875 2291 a,
892 2216 985 2280 nimis
1003 2215 1071 2282 fero
1089 2212 1207 2282 corde?

785 2545 883 2612 LXI.

540 2665 640 2732 Collis
658 2687 677 2731 o
694 2666 855 2732 Heliconii

602 2760 712 2838 cultor,
728 2757 872 2827 Uraniae
892 2783 1004 2846 genus,

602 2854 658 2938 qui
675 2854 759 2941 rapis
777 2865 919 2919 teneram
935 2854 977 2919 ad
994 2854 1099 2920 virum

537 2947 705 3035 virginem,
723 2969 742 3012 o
760 2949 948 3033 Hymenaee
965 2947 1110 3033 Hymen,

603 3063 622 3108 ο
639 3045 770 3128 Hymen
787 3043 986 3127 Hymenaee,

539 3212 631 3299 cinge
649 3223 793 3298 tempora
809 3211 940 3278 fioribus

594 3323 699 3372 'suave
717 3305 829 3371 olentis
847 3305 995 3383 amaraci,

601 3400 784 3464 flammeum
802 3421 891 3486 cape,
909 3400 1012 3464 laetus
1029 3397 1094 3464 huc

540 3494 604 3560 huc
622 3494 694 3559 veni
711 3495 805 3560 niveo
822 3516 936 3580 gerens

604 3589 726 3654 luteum
744 3588 826 3674 pede
843 3608 983 3665 soccum,

538 3757 723 3842 excitusque
740 3758 834 3824 hilari
851 3758 903 3824 die

602 3851 755 3937 nuptialia
772 3851 941 3917 concinens

604 3967 683 4012 voce
700 3945 841 4010 carmina
857 3943 980 4009 tinnula
1169 4022 1173 4028 .

503 4105 510 4138 ,
541 4040 624 4129 pelle
642 4040 772 4105 humum
791 4039 936 4125 pedibus,
954 4059 1053 4103 manu
1171 4075 1173 4080 ·

603 4135 730 4222 pineam
748 4143 844 4219 quate
860 4131 997 4198 taedam.
