2954 4990
317 421 411 464 XXXVI
747 417 975 460 PROHIGOIOENA

316 562 341 600 c.
359 541 421 599 LII
438 554 556 619 quoque
573 537 665 597 altero
687 543 753 597 utro
776 537 880 597 horum
902 556 1047 597 annorum
1070 539 1212 617 scriptum
1234 540 1281 598 sit.
1317 540 1425 618 priori
1471 529 1472 608 ζ

313 633 414 684 autem
432 643 471 684 ne
489 643 556 683 oum
573 622 729 684 Schwabio
746 644 775 701 p.
788 624 829 681 43
848 622 1041 682 attribuamus
1058 624 1125 702 ipsa
1137 623 1252 683 Vatinii
1269 634 1424 703 praetura
1471 629 1472 684 l

315 709 446 790 impedit.
482 710 622 768 nimirum
642 715 705 766 tum
729 709 818 768 etiam
839 708 979 768 Vatinius
1005 706 1127 767 sedebat
1152 711 1185 768 in
1206 707 1280 768 sella
1302 711 1423 782 curuli,

314 814 412 875 neque
429 793 460 852 id
479 801 567 873 poeta
589 791 626 852 de
645 793 706 852 solo
724 794 822 852 Nonio
845 791 943 852 dicere
964 794 1007 851 ita
1027 799 1143 872 poterat
1164 801 1199 852 ut
1219 795 1422 870 magistratui

315 881 354 940 ab
371 881 428 938 hoc
445 886 528 955 gesto
545 877 678 936 futurum
695 877 816 938 alterius
840 876 1023 937 consulatum
1046 885 1214 957 opponeret.
1249 881 1356 958 itaque
1375 880 1422 939 ad

315 983 427 1025 annum
448 965 546 1042 potius
565 959 679 1040 700t54
698 961 883 1036 deducimur,
907 964 956 1021 cui
979 983 1002 1021 c
1020 962 1082 1022 LII
1103 965 1164 1021 iam
1186 982 1205 1021 a
1220 963 1420 1025 Mommseno

313 1050 333 1110 l.
357 1070 381 1108 o.
405 1048 594 1125 adsignatum
616 1055 667 1108 est.
702 1048 758 1108 hoc
779 1050 871 1125 igitur
892 1067 971 1106 anno
992 1048 1125 1106 Nonium
1148 1048 1342 1108 statuendum
1366 1059 1420 1110 est

314 1134 409 1194 curuli
426 1135 601 1210 magistratu
615 1133 749 1193 functum
764 1152 835 1206 csse,
853 1151 909 1192 nec
922 1131 1147 1210 inprobabiliter
1160 1131 1337 1193 Schwabius
1352 1135 1371 1193 l.
1389 1157 1418 1195 c.
1471 1147 1472 1170 l

315 1227 463 1280 sumtum
481 1239 549 1278 cum
566 1218 704 1278 Vatinius
721 1239 774 1297 per
791 1216 978 1277 consulatum
994 1219 1154 1296 perieraret
1176 1217 1302 1278 aedilem
1322 1239 1417 1279 curu·

312 1305 372 1365 lem
393 1303 486 1365 fuisse
507 1305 641 1376 coniecit,
668 1305 693 1362 si
718 1303 839 1383 quidem
864 1303 952 1361 homo
975 1323 993 1360 a
1015 1301 1134 1362 Catullo
1160 1313 1416 1366 commemoratus

312 1390 429 1450 Nonius
455 1389 507 1448 ille
527 1387 680 1468 Asprenas
706 1389 872 1467 estquis.
897 1382 1010 1464 708l46
1036 1387 1195 1465 proconsul
1217 1391 1279 1448 sive
1304 1393 1415 1467 potius
1471 1393 1472 1396 ’

311 1481 483 1555 propraetor
501 1481 570 1534 ante
586 1493 720 1552 pugnam
737 1472 776 1532 ad
789 1472 943 1551 Thapsum
961 1474 1145 1532 commissam
1160 1493 1178 1530 a
1192 1471 1319 1532 Caesare
1340 1494 1414 1533 cum

311 1559 481 1637 legionibus
498 1557 612 1618 duabus
631 1559 734 1618 eastris
750 1557 898 1637 praesidio
915 1556 1034 1616 relictus
1049 1564 1093 1616 est
1106 1556 1145 1633 (v.
1159 1557 1230 1617 bell.
1242 1556 1340 1618 Afric.
1357 1560 1413 1618 80.

312 1645 389 1704 conf.
404 1643 578 1702 Schwabius
595 1665 623 1723 p.
640 1644 680 1702 36
696 1663 717 1702 s.
730 1643 952 1702 Wehrmannus
969 1640 1034 1700 fast
1049 1649 1140 1720 praet.
1155 1662 1183 1720 p.
1201 1643 1240 1700 79
1256 1639 1299 1715 s).
1329 1652 1412 1704 cete·

311 1749 378 1788 rum
390 1747 499 1788 nomen
514 1727 594 1808 quod
607 1735 651 1788 est
664 1737 771 1786 struma
784 1729 847 1787 veri
862 1727 957 1786 simile
970 1734 1087 1785 estnon
1101 1726 1196 1785 solum
1209 1727 1249 1785 ad
1261 1727 1410 1802 Nonium,
1471 1727 1472 1736 ’

311 1833 416 1874 verum
435 1815 523 1874 etiam
542 1812 580 1872 ad
592 1815 746 1874 Vatinium
760 1814 915 1893 pertinere,
935 1830 1022 1891 quem
1036 1811 1139 1871 eodem
1157 1811 1235 1871 malo
1252 1811 1410 1875 laborasse

311 1898 433 1958 aliunde
459 1905 573 1958 constat
599 1895 640 1976 (v.
658 1898 717 1958 loci
739 1919 758 1957 a
779 1899 955 1956 Drumanno
977 1898 1014 1970 V,
1038 1917 1065 1976 p.
1089 1897 1160 1970 683,
1183 1918 1212 1955 n.
1236 1897 1275 1954 23
1299 1899 1366 1958 sive
1390 1920 1410 1959 a

311 1983 467 2044 Schwabio
497 2003 526 2062 p.
555 1983 594 2042 35
627 1980 768 2058 collecti),
799 1981 976 2061 videturque
1006 1982 1151 2041 acerbitas
1182 1983 1408 2060 epigrammatis

311 2071 399 2130 etiam
425 2071 457 2128 in
485 2069 678 2148 conponendo
704 2071 760 2128 isto
786 2070 852 2148 pari
881 2066 1035 2126 hominum
1066 2074 1275 2126 strumosornm
1305 2072 1410 2146 posita

310 2173 382 2216 esse.

374 2241 484 2317 Iurgiis
503 2238 615 2300 Catulli
634 2259 701 2297 curn
720 2235 847 2297 Caesare
865 2238 986 2316 eiusque
1008 2237 1240 2296 adsectatorIbus
1258 2243 1408 2299 enarratis

310 2327 410 2384 statim
428 2324 561 2384 subicere
574 2323 673 2402 placet
686 2341 763 2402 quae
780 2322 817 2382 de
830 2325 903 2381 rixis
918 2324 1139 2401 inimicitiisque
1156 2329 1261 2401 poetae
1274 2322 1408 2384 dicenda

308 2416 428 2467 restant.
464 2408 611 2467 ordiemur
633 2415 780 2467 autema.
804 2427 829 2465 c.
850 2406 997 2480 XCVIII,
1021 2406 1101 2486 quod
1123 2414 1154 2466 et
1174 2410 1272 2486 ipsum
1294 2407 1334 2466 ad
1358 2429 1407 2469 res

309 2493 444 2572 publicas
462 2492 566 2552 referri
582 2492 735 2571 probabile
754 2499 806 2552 est.
837 2495 890 2551 vix
908 2494 986 2552 enim
1005 2491 1173 2552 dubitamus
1190 2493 1321 2570 priorum
1340 2514 1408 2554 sae·

310 2577 442 2636 culorum
459 2579 531 2636 viris
550 2598 610 2636 non
628 2577 719 2637 nullis
736 2579 883 2656 primariis
901 2577 1042 2636 adsentiri
1060 2579 1112 2656 qui
1128 2576 1163 2634 L.
1180 2579 1275 2638 Vettii
1293 2582 1406 2656 equitis

310 2665 486 2739 cognomine
509 2661 642 2722 ‘indicis'
669 2662 783 2734 famosi,
813 2661 929 2741 dequo
956 2661 1032 2720 conf.
1055 2661 1214 2720 Haakhius
1236 2665 1268 2720 In
1290 2662 1407 2743 Paulyi

309 2747 461 2827 encyelop.
470 2748 524 2821 VI,
542 2750 569 2820 2,
585 2769 613 2827 p.
629 2747 713 2806 2530
725 2767 747 2806 s.
762 2747 992 2806 etDrumannus
1006 2747 1072 2806 hist.
1085 2749 1169 2806 Rom.
1184 2747 1227 2820 Il,
1240 2767 1269 2825 p.
1280 2749 1344 2806 234
1356 2770 1404 2823 ss,

307 2832 443 2912 linguam
464 2832 636 2893 mendacem
660 2853 695 2891 ac
716 2832 854 2892 venalem
875 2833 924 2891 hic
946 2834 1086 2908 castigari
1109 2840 1293 2891 censuerunt.
1328 2855 1405 2894 nam

306 2940 361 2998 pro
380 2919 541 2998 depravato
559 2918 612 2977 illo
636 2919 719 2990 Victi,
737 2917 817 2996 quod
836 2916 952 2977 codices
969 2919 1062 2976 nostri
1080 2917 1231 2990 exhibent,
1249 2916 1332 2976 facili
1351 2939 1405 2978 ne·

307 3007 388 3082 gotio
416 3007 491 3064 Vetti
515 3004 680 3064 restituitur
709 3000 798 3077 (conf.
830 3003 929 3062 adnot.
962 3000 1046 3078 crit).
1090 3008 1298 3080 argumentum
1328 3023 1404 3064 vero

307 3091 527 3168 epigrammatis
545 3093 577 3149 in
595 3088 725 3148 indicem
747 3088 836 3146 istum
859 3090 969 3167 optime
987 3086 1120 3166 quadrat.
1143 3085 1219 3146 conf.
1241 3089 1274 3146 in
1296 3089 1403 3166 primis

308 3174 369 3233 Cic.
379 3195 419 3234 or.
429 3177 461 3233 in
468 3175 570 3234 Vatin.
581 3173 597 3248 ἓ
608 3175 664 3233 24:
680 3174 736 3233 ‘ibi
745 3181 778 3231 tu
792 3172 922 3232 Indicam
930 3173 1064 3232 Vettium
1077 3173 1239 3250 linguam
1251 3182 1280 3232 et
1293 3193 1404 3234 vocem

307 3279 390 3318 suam
413 3259 516 3318 sceleri
542 3267 571 3318 et
592 3262 685 3319 menti
707 3268 776 3318 tuae
801 3258 943 3338 praebere
969 3257 1106 3316 voluisti'
1141 3277 1295 3336 perperam
1316 3262 1404 3319 enim
1471 3259 1472 3336 l

306 3341 440 3402 iudicant
457 3346 509 3422 qui
525 3344 678 3422 loquacem
695 3343 844 3405 hominem
862 3346 894 3402 in
912 3350 1010 3402 nostro
1025 3345 1154 3402 carmine
1170 3345 1268 3402 notari
1280 3349 1402 3422 putant.
1471 3345 1472 3350 ’

306 3429 395 3486 immo
416 3448 444 3486 v.
464 3431 482 3486 2
502 3428 684 3487 demonstrat
705 3448 773 3488 eum
795 3431 846 3508 qui
869 3449 888 3486 a
911 3426 1028 3486 Catullo
1050 3426 1243 3506 compellatur
1264 3429 1295 3486 in
1318 3427 1405 3488 ‘ver-

306 3512 398 3571 bosis'
417 3519 446 3572 et
464 3513 580 3572 ‘fabris’
599 3533 660 3573 non
681 3512 780 3572 fuisse.
817 3513 980 3593 quodcum
1001 3515 1044 3572 ita
1065 3515 1111 3587 sit,
1134 3515 1167 3572 in
1184 3533 1211 3571 v.
1232 3512 1250 3572 5
1273 3512 1402 3573 verbum

305 3596 386 3677 quod
409 3604 452 3657 est
474 3601 596 3675 perdere
617 3618 678 3658 non
699 3605 795 3676 potest
816 3600 875 3657 nisi
899 3599 1017 3678 proprie
1044 3597 1157 3658 dictum
1183 3616 1254 3658 esse.
1290 3600 1402 3658 iamsi

303 3691 383 3743 recte
401 3683 458 3742 hoc
476 3684 658 3763 epigramma
676 3682 715 3742 ad
732 3684 865 3742 Vettium
883 3683 1012 3744 indicem
1033 3686 1180 3763 pertinere
1201 3685 1399 3759 existimatur,

303 3768 386 3828 haud
404 3767 493 3828 dubie
511 3790 537 3827 a.
553 3765 667 3848 695s59
683 3773 824 3847 scriptum
842 3776 895 3842 est,
914 3788 972 3848 quo
990 3768 1042 3828 ille
1059 3769 1229 3848 inpellente,
1248 3776 1281 3827 ut
1296 3788 1401 3828 rumor

303 3863 372 3928 erat,
392 3853 519 3915 Caesare
537 3854 657 3914 consule
678 3854 785 3914 multos
804 3874 841 3914 ex
864 3853 1054 3934 optImatibus
1077 3855 1109 3912 in
1132 3855 1329 3933 suspicionem
1354 3855 1400 3913 in·
1471 3849 1472 3924 l

303 3939 445 4000 sidiarum
466 3941 609 4018 Pompeio
633 3947 802 4019 paratarum
829 3939 976 3999 adducere
1003 3940 1166 4018 temptavit.
1202 3958 1258 3998 neo
1284 3938 1399 4000 diutius

302 4027 379 4084 vixit
392 4025 518 4099 Vettius,
538 4025 590 4086 sed
607 4025 711 4086 eodem
729 4027 817 4086 etiam
835 4045 913 4084 anno
932 4025 1009 4084 clam
1026 4027 1058 4083 in
1071 4043 1189 4084 carcere
1202 4025 1397 4102 interemptus

301 4119 354 4168 est.
390 4109 479 4172 facile
497 4120 541 4173 est
558 4119 658 4172 autem
680 4110 719 4170 ad
741 4109 919 4171 credendum
938 4108 1089 4169 Catullum
1112 4131 1171 4169 uno
1195 4129 1233 4168 ex
1256 4112 1298 4169 eis
1321 4129 1398 4188 quos

301 4201 363 4254 tum
371 4195 488 4256 Vettius
498 4204 531 4256 ut
541 4198 627 4260 fictae
637 4197 848 4258 coniurationis
861 4197 1020 4275 participes
1034 4196 1201 4256 nominavit
1209 4194 1400 4269 familiariter
