2968 4990
499 401 677 445 annommo
700 401 822 444 emmas
1149 403 1207 460 cxv

110 537 114 546 ·
179 520 294 580 XXXI
312 521 362 580 8s.
376 523 526 596 pereqrino
545 523 640 580 labore
652 519 729 580 nihil
742 521 870 582 offensae
883 521 981 581 habet
1008 522 1085 582 conf.
1098 523 1207 584 Munro

113 609 182 666 orit.
202 605 272 664 115.
295 637 340 646 -
363 606 402 664 13
425 625 475 664 vos
497 626 614 682 qnoque,
641 609 741 664 incitas
762 607 903 686 Heysius,
930 607 1012 666 cuins
1040 612 1209 668 coniectura

113 695 174 751 etsi
198 698 279 751 certa
304 711 366 750 non
391 698 444 763 est,
472 694 575 750 ceteris
603 692 736 752 bonitate
761 700 898 772 praestat.
941 711 991 749 vos
1013 713 1120 768 qaoque
1142 696 1209 752 lidio

115 775 203 853 (lydia
221 773 263 850 G)
280 776 316 835 V.
360 795 473 850 vosque,
501 795 516 832 o
537 778 649 834 Liinae
669 776 820 855 Hauptius
842 775 879 835 de
900 777 1045 836 Italorum
1067 787 1096 837 et
1113 779 1208 838 Lach-

113 863 219 920 manni
237 861 421 920 coniecturis.
458 860 511 920 sed
528 881 635 936 qaoque
653 861 692 920 ad
710 864 886 921 sententiam
903 864 1088 941 aptissimum
1105 866 1209 942 utique

105 945 297 1014 ¹servandum
315 953 366 1017 est
385 965 481 1025 neque
498 945 572 1004 illud
585 948 696 1004 Libane
712 966 766 1024 per
783 966 814 1005 se
831 946 924 1006 multo
941 947 1008 1026 plus
1024 949 1209 1010 commenda·

113 1033 207 1092 tionis
225 1029 314 1090 habet
331 1051 421 1110 quam
438 1030 518 1110 quod
535 1031 627 1108 vulgo
644 1033 783 1091 scribitur
798 1033 919 1107 Lydiae.

181 1116 313 1174 XXXII
332 1120 348 1174 1
368 1117 493 1191 Ipsitilla
510 1115 707 1176 Buechelerus
725 1116 763 1174 ad
776 1116 895 1176 Petron.
908 1137 938 1196 p.
953 1117 1002 1174 74.
1033 1120 1090 1194 ipsi
1107 1121 1158 1175 illa
1172 1116 1208 1178 Ο.

114 1203 244 1277 ipsitlilo
262 1200 299 1260 G.
342 1202 486 1276 Ipsitliila
510 1201 610 1278 vulgo,
639 1208 668 1261 et
693 1203 735 1260 ita
760 1201 918 1279 Hauptius.
940 1233 984 1241 —
1010 1203 1030 1260 4
1053 1211 1116 1261 erat
1143 1223 1209 1261 cum

115 1287 253 1346 Turnebi
270 1285 346 1345 illud
363 1287 489 1343 adiabato
507 1287 677 1364 probarem:
695 1306 776 1346 nunc
793 1289 825 1345 in
843 1286 952 1344 tradita
968 1286 1096 1346 lectione
1112 1287 1209 1346 libens

116 1371 287 1451 adquiesco.
323 1373 458 1428 adiuveto
479 1369 559 1430 idem
580 1370 644 1431 fere
666 1379 710 1430 est
734 1380 822 1450 atquo
840 1373 879 1429 da
896 1391 1010 1447 operam
1027 1367 1116 1446 (conf.
1134 1372 1210 1432 Poe·

115 1457 184 1516 nuli
201 1456 298 1515 Plaut.
321 1455 393 1535 prol.
415 1459 449 1514 in
470 1453 552 1529 fine),
575 1456 757 1535 adparetque
774 1456 814 1514 ad
831 1456 887 1516 hoc
904 1456 1027 1516 verbum
1045 1476 1080 1517 ea
1097 1476 1174 1537 quae
1192 1477 1211 1516 a

116 1563 148 1600 v.
168 1542 186 1600 6
206 1548 345 1600 secuntur
361 1540 454 1600 multo
472 1543 569 1619 aptius
587 1560 650 1601 sese
668 1541 838 1617 adiungere.

184 1626 311 1685 XXXV
328 1627 347 1684 3
365 1626 442 1684 Noai
458 1626 559 1702 vulgo.
594 1629 658 1684 novi
674 1626 833 1704 Hauptius.
915 1650 917 1654 ⁴

182 1711 325 1770 XXXVI
344 1711 361 1768 9
379 1713 430 1769 loc
447 1711 523 1771 libri.
558 1713 627 1770 laec
644 1711 795 1789 Hauptius
809 1731 876 1772 cum
888 1709 984 1770 Italis.
1001 1742 1043 1753 -
1064 1712 1102 1769 12
1121 1715 1210 1769 arios·

101 1817 173 1871 ‚qne
191 1795 345 1872 (uariosque
363 1816 432 1856 sscr.
450 1800 581 1871 rariorque
593 1793 636 1870 G)
654 1806 769 1872 apertos
781 1796 819 1868 V,
838 1795 918 1876 quod
936 1816 1004 1855 cum
1015 1795 1210 1857 Lachmanno

116 1883 241 1952 retinui,
268 1900 354 1940 cruce
379 1888 480 1940 tamen
510 1881 654 1960 adposita.
705 1883 843 1956 Uriosque
867 1891 972 1958 portas
997 1881 1034 1939 N.
1057 1882 1209 1955 Heinsius,

118 1985 208 2045 quern
225 1974 255 2025 et
272 1966 423 2045 Hauptius
441 1974 470 2025 et
488 1967 540 2024 alii
554 1970 648 2024 secuti
661 1973 737 2024 sunt.
774 1965 826 2024 sed
840 1964 913 2025 haec
926 1967 1102 2038 coniectura,
1122 1987 1211 2046 quarn
1315 2014 1316 2017 ,

101 2053 183 2130 ‚ipse
199 2052 343 2110 Heinsius
362 2053 543 2128 argumentis
558 2051 732 2110 confirmare
749 2049 921 2129 supersedit,
941 2049 1011 2129 quid
1027 2051 1210 2110 commenda·

118 2139 210 2195 tionis
236 2135 344 2195 babeat
366 2135 502 2214 equidem
527 2155 587 2193 non
614 2134 767 2212 perspicio.
806 2155 876 2193 nem
898 2133 935 2193 de
958 2133 1115 2194 Calabriae
1136 2137 1211 2197 urbe

117 2221 194 2281 Uria
216 2224 280 2280 sive
301 2220 400 2298 Hyria
426 2228 459 2279 ut
485 2221 518 2278 in
543 2218 766 2279 mediterraneis
787 2222 866 2278 inter
881 2219 1075 2278 Brundisium
1100 2228 1130 2279 et
1150 2221 1211 2280 'I'a-

118 2313 238 2365 rentum
264 2307 321 2363 sita
348 2325 414 2363 oum
441 2306 565 2380 cogitari
591 2306 711 2364 omnino
734 2325 795 2363 non
822 2307 922 2383 possit,
948 2325 1009 2363 non
1034 2305 1212 2384 relinquitur

119 2394 180 2450 nisi
197 2391 312 2462 Urium,
331 2383 533 2464 πολισμάτιον,
551 2397 585 2449 nt
602 2389 709 2450 Strabo
727 2389 781 2462 VI,
799 2410 828 2469 p.
848 2390 910 2448 284
928 2389 1007 2462 dicit,
1030 2389 1160 2468 Apuliae
1177 2394 1210 2450 in

120 2495 173 2535 ora
194 2477 282 2534 maris
300 2474 469 2535 Hadriatici
486 2479 583 2534 situm.
624 2482 657 2534 at
672 2475 820 2535 Venerem
842 2475 884 2534 ibi
906 2475 1049 2554 templum
1072 2476 1210 2536 habuisse

119 2581 181 2620 non
203 2564 306 2638 magis,
334 2559 414 2640 quod
442 2562 540 2634 sciam,
567 2563 727 2621 memoriae
753 2560 902 2639 proditum
927 2569 972 2620 est
997 2581 1086 2640 quam
1107 2561 1209 2635 Uriae,

119 2665 216 2726 neque
236 2665 307 2705 vero
330 2645 404 2706 deae
424 2648 458 2705 in
479 2648 535 2706 isto
558 2646 698 2727 oppidulo
722 2647 817 2705 cultus
840 2665 906 2705 cum
924 2645 1122 2706 celeberrimis
1146 2651 1210 2706 eius

118 2732 274 2808 religionis
292 2731 411 2790 sedibus
435 2749 511 2810 quae
528 2739 598 2791 ante
622 2739 652 2790 et
674 2739 741 2811 post
761 2739 960 2791 memorantur
977 2739 1045 2810 apte
1063 2734 1211 2790 consocia-

119 2823 207 2876 retur.
244 2815 358 2874 accedit
376 2815 455 2894 quod
472 2815 595 2893 pluralis
612 2835 753 2874 numerus
767 2825 870 2891 portas
887 2836 948 2875 non
966 2817 1030 2875 sine
1048 2815 1210 2876 offensione

121 2909 174 2962 est.
219 2900 347 2980 denique
373 2899 514 2960 librorum
541 2902 685 2978 scriptura
706 2911 821 2976 apertos
847 2919 900 2978 per
926 2919 957 2960 se
979 2900 1055 2958 nihil
1081 2901 1211 2979 suspecti

119 2986 218 3058 babet,
237 3003 333 3064 neque
350 2986 414 3044 veri
432 2985 527 3044 simile
544 2992 589 3044 est
605 2984 661 3044 hoc
676 2983 854 3044 adiectivum
871 3003 925 3062 per
942 3002 1070 3042 errorem
1087 3003 1125 3043 ex
1142 3004 1209 3060 por·

120 3084 166 3131 tas
183 3069 329 3130 vocabulo
347 3076 443 3128 ortum
460 3087 532 3129 esse.
568 3088 645 3148 quae
662 3090 728 3129 cum
741 3073 786 3128 ita
802 3071 870 3139 sint,
888 3067 1060 3128 mendosam
1078 3068 1210 3129 codicum

120 3157 277 3217 lectionem
299 3156 331 3214 in
352 3173 492 3234 praesens
514 3173 633 3215 servare
654 3173 742 3234 quam
766 3155 963 3213 conieotmam
986 3155 1084 3232 specie
1105 3154 1210 3214 fallen-

120 3251 181 3302 tem
211 3243 343 3320 recipere
372 3239 473 3299 malui.
517 3239 669 3319 aliquanto
699 3237 882 3318 probabilius
913 3257 949 3297 ac
979 3239 1104 3298 fortasse
1131 3248 1211 3301 recte
1292 3300 1295 3306 ,

118 3325 269 3403 Borglrius
290 3323 393 3405 philol.
415 3324 511 3384 XXX
534 3325 596 3383 682
628 3325 801 3400 asperosque
827 3333 941 3400 opertos
967 3326 1131 3404 suspicatus
1158 3335 1209 3386 est.

120 3432 192 3473 nam
208 3410 248 3470 ad
264 3411 361 3470 Isaaci
378 3411 478 3470 Vossii
496 3411 652 3468 inventum
667 3407 812 3485 Syrosqne
829 3418 944 3485 apertos
961 3429 1021 3469 non
1039 3409 1130 3470 nullis
1148 3410 1210 3470 edi-

120 3497 234 3558 toribus
258 3495 413 3574 probatum
436 3493 514 3575 quod
541 3497 655 3566 attinet,
683 3493 818 3574 displicet
838 3513 946 3553 nomen
967 3495 1071 3574 populi
1091 3496 1210 3555 urbium

122 3580 292 3642 nominibus
314 3581 489 3651 immixtum,
512 3599 610 3658 neque
627 3580 730 3641 Venus
753 3582 841 3638 coiere
857 3579 947 3655 Syros
969 3579 1072 3639 eadem
1094 3582 1210 3640 ratione

123 3688 182 3747 qna
199 3666 341 3746 Syrorum
357 3666 445 3726 urbes
463 3665 523 3724 dici
539 3672 643 3744 potest.
661 3697 704 3706 —
729 3665 768 3722 13
785 3665 1004 3723 harundinosam
1023 3665 1058 3725 G.
1094 3667 1209 3723 arandi·

123 3772 219 3810 nosam
236 3751 396 3829 Hauptius.
415 3783 457 3792 —
476 3750 514 3808 15
533 3751 664 3808 Hadriae
680 3750 718 3811 V.
753 3750 859 3808 Adrioa
875 3750 1033 3829 Hauptius.

185 3836 345 3898 XXXVII
363 3838 382 3894 2
400 3838 527 3912 pilleatis
551 3834 587 3909 Ο,
610 3834 639 3896 G
661 3855 686 3894 a.
709 3856 746 3893 m.
769 3855 812 3914 pr.
849 3837 964 3911 pilentis
984 3835 1144 3912 Hauptius.
1167 3867 1210 3876 —-

125 3923 165 3980 10
187 3923 348 3998 ropionibus
367 3922 404 3980 R.
421 3921 565 3999 Peiperus
586 3940 658 3980 mus.
676 3920 772 3980 Rham
789 3919 920 3978 XXXII
937 3920 998 3978 523
1025 3917 1211 3978 adsentiente

123 4008 164 4066 M.
181 4007 305 4067 Hertnio
323 4027 392 4066 ann.
409 4005 511 4086 philol.
530 4005 650 4066 CXVII
668 4005 739 4064 254.
775 4006 933 4081 sopionibus
946 4004 983 4063 V.
1019 4006 1212 4080 scorpionibus

123 4109 224 4158 §non
246 4091 329 4165 nulli,
361 4091 579 4164 Lachmannus,
605 4091 764 4171 Hauptius.
809 4091 912 4149 nititur
932 4092 1102 4148 coniectura
1124 4108 1142 4147 a
1163 4108 1211 4150 me

124 4185 242 4258 recepta
272 4196 359 4237 versu
389 4176 440 4236 illo
470 4180 504 4236 in
530 4177 706 4256 Pompeium
736 4174 815 4236 facto
845 4192 932 4254 quern
957 4175 1069 4234 Marius
1094 4174 1211 4234 Plotius

1000 4269 1041 4312 H·
