2976 5004
577 377 694 433 LIBER

166 519 231 563 neu
248 520 300 564 me
317 497 422 564 odisse
439 508 532 584 putes
546 497 682 586 'hospitis
700 499 851 578 officium,

118 591 246 676 accipe,
264 591 335 674 quis
352 615 472 658 merser
487 592 634 658 fortunae
652 595 801 659 fluctibus
818 595 897 680 ipse,

167 707 210 750 ne
227 686 362 772 amplius
381 687 532 752 amisero
550 687 634 752 dona
651 689 746 752 beata
762 699 863 773 petas.

119 788 268 863 tempore
286 800 351 862 quo
367 779 506 865 primum
524 781 620 845 vestis
638 780 715 845 mihi
734 782 848 846 tradita
864 792 985 868 purast,
1169 799 1207 853 tt·

168 873 344 938 iucundum
362 896 436 939 cum
453 884 540 939 aetas
558 874 670 939 florida
687 898 744 940 ver
761 886 879 961 ageret,

120 967 229 1030 multa
245 967 321 1031 satis
339 967 416 1032 lusi:
434 988 498 1032 non
516 979 565 1033 est
581 969 641 1033 dea
658 969 765 1034 nescia
782 970 881 1034 nostri

170 1081 255 1142 quac
274 1060 399 1125 dulcem
418 1061 501 1126 curis
519 1061 630 1126 miscet
647 1063 838 1127 amat-itiemz

123 1153 185 1217 sed
203 1162 304 1218 totum
323 1153 383 1218 hoc
401 1154 542 1220 studium
559 1155 648 1220 luctu
666 1156 806 1220 fraterna
822 1156 901 1220 mihi
918 1178 1003 1223 mors

170 1246 311 1311 abstulit.
355 1247 507 1313 omisero
525 1247 624 1313 frater
641 1250 789 1334 adempte
807 1249 894 1326 mihi,

122 1353 162 1405 tu
180 1363 253 1406 mea
271 1351 306 1406 tu
324 1342 462 1407 moriens
480 1342 603 1427 fregisti
622 1344 798 1420 commoda,
816 1344 924 1421 frater,

170 1443 277 1499 tecum
294 1457 358 1500 una
376 1446 443 1500 tota
461 1446 509 1500 est
527 1447 635 1501 nostra
653 1438 777 1523 sepulta
794 1437 919 1516 domus,

124 1528 235 1592 omnia
252 1538 357 1594 tecum
370 1552 440 1594 una
458 1530 619 1615 perierunt
636 1531 755 1616 gaudia
772 1542 890 1608 nostra,

171 1644 253 1705 quae
271 1633 345 1687 tuus
364 1623 397 1688 in
415 1623 480 1688 vita
499 1624 600 1689 dulcis
618 1626 723 1690 alebat
741 1647 839 1690 amor.

125 1716 219 1781 cuius
237 1738 298 1800 ego
315 1717 443 1782 interitu
462 1728 529 1782 tota
547 1719 586 1783 de
604 1731 710 1784 mente
727 1720 839 1805 fugavi

170 1808 250 1875 haec
268 1810 374 1874 studia
389 1822 485 1894 atque
503 1833 612 1876 omnes
630 1813 759 1878 delicias
777 1813 885 1878 animi.

125 1923 238 1986 quare,
260 1904 347 1986 quod
365 1905 476 1970 scribis
493 1907 641 1972 Veronae
660 1919 753 1992 turpe
771 1905 900 1972 Catullo

171 2019 251 2074 esse,
269 1996 356 2079 quod
373 1997 424 2062 hic
442 1999 545 2082 quivis
564 2000 604 2064 de
621 2001 751 2066 meliore
767 2010 845 2065 nota

125 2090 246 2176 frigida
262 2091 387 2156 deserto
405 2092 576 2177 tepefactet
593 2094 738 2157 membra
755 2093 862 2169 cubili,
924 2127 927 2134 ·

170 2184 215 2260 id,
232 2183 335 2261 Mani,
353 2206 418 2250 non
436 2195 485 2250 est
501 2196 603 2272 turpe,
621 2186 724 2272 magis
741 2186 933 2252 miserumst.
1169 2201 1207 2257 30

127 2277 275 2364 ignosces
293 2278 400 2364 igitur,
419 2278 456 2355 si,
475 2300 557 2363 quae
575 2281 652 2345 mihi
670 2281 774 2345 luctus
793 2280 918 2356 ademit,

171 2371 251 2436 haec
270 2371 326 2435 tibi
344 2393 408 2437 non
425 2372 531 2438 tribuo
549 2397 689 2448 munera,
710 2397 783 2439 cum
800 2395 933 2458 nequeo.

127 2488 203 2530 nam
221 2465 307 2549 quod
324 2466 513 2551 scriptorum
529 2488 595 2532 non
611 2490 729 2554 magna
747 2479 795 2533 est
812 2467 903 2554 copia
920 2466 1006 2554 apud
1023 2489 1085 2545 me,

172 2560 232 2626 hoc
249 2561 285 2625 fit
302 2561 389 2643 quod
406 2561 528 2627 Romae
546 2562 697 2628 vivimus:
716 2563 770 2628 illa
788 2563 912 2642 domus,

126 2653 183 2718 illa
199 2653 278 2718 mihi
294 2654 396 2731 sedes,
414 2654 479 2720 illic
496 2678 567 2720 mea
586 2657 724 2742 carpitur
741 2667 843 2723 setas=

170 2748 233 2812 huc
250 2770 315 2812 una
332 2768 372 2812 ex
389 2748 496 2813 multis
515 2751 646 2834 capsula
665 2773 715 2815 me
733 2751 885 2835 sequitur.

129 2841 215 2925 quod
233 2863 305 2904 eum
322 2840 368 2906 ita
385 2841 435 2916 sit,
454 2842 550 2906 nolim
574 2855 694 2908 statuas
711 2866 770 2908 nos
787 2855 893 2910 mente
910 2844 1051 2928 maligna

170 2935 204 3000 id
221 2936 326 3005 facere
343 2946 400 3000 aut
417 2936 523 3000 animo
541 2958 605 3000 non
623 2938 700 3001 satis
717 2938 867 3022 ingenuo,

129 3029 214 3112 quod
232 3029 290 3092 tibi
306 3050 370 3094 non
388 3030 552 3114 utriusque
570 3032 689 3116 petenti
708 3031 800 3116 eopia
817 3042 952 3118 postest:

128 3125 210 3188 ultro
228 3145 289 3208 ego
307 3123 474 3200 deferrem,
493 3125 585 3211 eopia
602 3125 695 3209 siqua
712 3126 803 3191 foret.

128 3331 190 3376 non
207 3332 338 3395 possum
355 3310 497 3387 reticere,
516 3310 604 3389 deae,
624 3335 687 3396 qua
704 3336 756 3378 me
773 3313 880 3378 Allius
897 3313 930 3379 in
947 3336 982 3381 re

168 3403 283 3469 iuverit
300 3414 355 3468 aut
373 3404 499 3488 quantis
517 3404 632 3469 iuverit
650 3405 776 3471 officiis:

128 3519 185 3563 nec
203 3497 328 3582 fugiens
346 3497 458 3562 saeclis
476 3497 734 3563 obliviscentibus
753 3510 839 3565 aetas

167 3590 252 3655 illius
270 3590 331 3656 hoc
348 3613 442 3656 caeca
460 3603 551 3656 nocte
569 3602 657 3677 tegat
674 3593 828 3659 studium:

129 3685 181 3750 sed
200 3684 304 3750 dicam
322 3685 424 3759 vobis,
442 3706 499 3750 vos
517 3707 611 3771 porro
629 3687 723 3752 dicite
742 3688 849 3752 multis

167 3777 295 3842 milibus
314 3788 346 3842 et
362 3779 456 3844 facite
475 3779 554 3845 haec
571 3779 679 3844 charte
697 3781 845 3864 loquatur
862 3804 941 3846 anus

167 3976 373 4050 notescatque
391 3967 494 4054 magis
512 3978 655 4034 mortuus
673 3979 768 4052 atque
786 3968 899 4053 magis,

128 4081 183 4130 nec
201 4068 328 4124 tenuem
347 4071 458 4128 texens
476 4061 620 4127 sublimis
638 4085 754 4127 aranea
771 4063 865 4126 telam

167 4152 200 4217 in
218 4153 342 4222 deserto
361 4155 429 4220 Alli
446 4155 573 4222 nomine
591 4177 671 4241 opus
689 4155 795 4220 faciat.
