2954 4990
526 420 755 464 Paomcsouaua
1096 423 1186 465 LXVII

96 560 217 601 versum
245 541 386 618 Hugonis
412 539 510 600 Crotii
538 561 591 619 pro
617 540 758 599 Tulliano
788 535 955 600 haberent(
975 539 1027 601 sed
1056 563 1122 601 cum
1151 544 1185 601 iu

97 627 223 686 Homeri
240 625 428 697 carminibus,
445 625 516 685 licet
528 624 609 684 haud
626 646 692 684 raro
709 625 759 686 vel
775 625 840 684 bini
853 624 1078 704 spondiazontes
1096 635 1184 706 atque

97 732 159 770 non
181 731 342 790 numquam
363 709 437 770 adeo
458 710 557 789 plures
580 713 744 770 continuati
765 713 832 782 sint,
858 710 941 769 nulla
961 719 1062 771 tamen
1083 731 1184 770 eorum

39 837 49 859 .
99 800 226 876 captatio
253 795 408 874 adpareat,
433 795 632 854 Antimachus
655 794 856 874 Colophonius
880 799 992 874 primus
1015 800 1078 856 eius
1103 796 1185 855 modi

97 881 284 940 hexametros
302 884 418 940 aurium
435 880 642 939 oblectamenti
660 900 748 939 causa
765 879 925 940 adscivisse
941 880 1068 941 videtur.
1094 881 1184 940 habet

98 967 177 1025 enim
202 986 255 1044 pro
281 969 430 1045 paucitate
452 964 682 1042 fragmentorum
702 964 790 1024 nobis
810 973 992 1025 servatorum
1013 966 1183 1045 permultos,

98 1055 295 1130 convenitque
311 1051 372 1110 tale
385 1050 542 1109 artificium
555 1071 621 1109 cum
637 1050 726 1109 huius
740 1057 844 1128 poetae
857 1052 1030 1111 rationibus.
1057 1054 1184 1111 maxime

96 1154 168 1195 vero
194 1135 409 1195 Alexandrinis
435 1137 529 1213 poetis
555 1138 619 1194 eius
645 1138 762 1211 generis
791 1134 976 1194 hexametros
1006 1139 1039 1194 in
1069 1136 1184 1195 deliciis

95 1219 189 1280 fuisse
206 1220 312 1280 calculi
329 1241 347 1278 a
363 1218 537 1279 Ludwichio
554 1240 583 1298 p.
602 1221 641 1277 11
657 1239 678 1278 s.
696 1218 833 1278 subducti
850 1219 1060 1278 demonstrant
1090 1222 1184 1280 veluti

96 1305 298 1366 Callimachus
314 1307 347 1363 in
360 1305 471 1382 hymno
488 1306 592 1383 primo,
610 1306 663 1383 qui
680 1307 845 1380 nonaginta
862 1324 914 1364 sex
931 1323 1033 1364 versus
1050 1305 1183 1364 heroicos

96 1389 319 1470 conprehendit,
332 1410 394 1448 non
406 1392 502 1448 minus
516 1388 749 1468 quattuordecim
761 1390 840 1449 binis
854 1388 993 1468 spondeis
1005 1391 1183 1464 terminavit,

94 1484 132 1535 ut
153 1482 253 1536 sextus
276 1476 401 1554 quisque
426 1473 488 1534 fere
510 1476 687 1553 septimusve
708 1493 810 1533 versus
832 1476 871 1533 sit
892 1473 1076 1553 spondiacus.
1111 1476 1184 1534 Era-

94 1560 241 1620 tosthenis
256 1557 434 1638 Cyrenensis
451 1557 649 1635 fragmentum
667 1558 815 1638 quoddam
832 1561 969 1618 carminis
987 1559 1066 1639 quod
1079 1555 1185 1637 Ἑρμῆς

94 1646 269 1724 iuscriptum
278 1651 340 1704 erat
349 1665 377 1722 p.
388 1645 406 1700 2
416 1643 583 1715 ed.Hiller.,
593 1664 621 1703 v.
632 1644 757 1702 20—35
768 1640 857 1717 (conf.
867 1664 896 1724 p.
904 1644 943 1702 56
955 1642 1004 1722 ss.)
1013 1647 1090 1704 inter
1099 1648 1183 1724 quin·

96 1729 194 1789 decim
210 1729 395 1788 hexametros
414 1735 524 1807 septem
538 1728 714 1807 spondiacos
729 1729 859 1806 praebet.
888 1729 1088 1808 Euphorionis
1106 1734 1184 1790 inter

94 1814 236 1894 reliquias
254 1813 461 1890 duodeviginti
481 1833 536 1873 nos
554 1813 673 1892 quidem
690 1821 770 1872 certa
786 1813 1031 1893 spondiazontum
1048 1814 1184 1894 exempla

94 1904 325 1971 numeravimus,
352 1907 478 1977 suntque
499 1899 531 1957 in
558 1901 600 1958 eis
622 1906 681 1958 tres
703 1901 835 1957 continui
857 1897 898 1973 (n.
921 1899 1047 1958 XXVII
1068 1900 1182 1975 Mein).

96 2003 176 2063 quae
197 2005 262 2044 cum
283 1986 325 2042 ita
347 1985 414 2057 sint,
442 1981 572 2042 dubitari
597 1983 678 2042 nullo
705 1983 792 2042 modo
817 1991 914 2062 potest
939 1987 1012 2063 quia
1038 1986 1109 2042 novi
1133 1986 1184 2043 isti

93 2076 201 2149 poetae
218 2069 329 2142 Latini,
348 2087 421 2147 quos
436 2067 540 2128 Cicero
558 2067 595 2127 ob
613 2067 788 2127 crebriorem
804 2088 943 2127 versuum
956 2067 1182 2147 spondiacorum

93 2174 182 2214 usum
198 2153 316 2224 inridet,
338 2153 394 2212 hoc
412 2171 528 2233 quoque
545 2152 702 2212 artificium
720 2153 757 2212 ab
774 2151 989 2212 Alexandrinis
1007 2155 1182 2231 acceperint.

95 2247 241 2318 quatenus
259 2244 356 2297 autem
369 2240 401 2296 in
418 2236 586 2297 adhibendo
605 2255 639 2296 eo
652 2239 802 2317 progressi
819 2239 886 2311 sint,
904 2237 994 2297 hodie
1010 2257 1071 2297 non
1087 2245 1184 2317 potest

92 2325 155 2382 nisi
178 2341 194 2383 e
216 2321 328 2382 Catulli
349 2322 526 2381 carminibus
548 2325 694 2400 cognosci.
730 2325 782 2402 qui
808 2343 875 2381 cum
900 2326 933 2382 in
956 2322 1090 2382 distichis
1112 2322 1182 2382 duo-

95 2409 215 2468 deciens
234 2406 396 2487 spondeum
417 2409 448 2466 in
467 2409 599 2487 quintam
617 2407 715 2468 sedem
733 2408 897 2467 hexametri
918 2406 1048 2481 admisit,
1070 2415 1132 2468 tum
1149 2411 1181 2467 iu

85 2493 206 2573 'epyllia
230 2491 268 2552 de
288 2492 373 2552 Pelei
394 2499 425 2551 et
445 2489 582 2551 Thetidis
608 2495 733 2571 nuptiis,
761 2492 840 2572 quod
863 2492 1094 2572 quadringentos
1116 2502 1181 2552 octo

92 2597 198 2638 versus
215 2579 354 2651 continet,
372 2579 494 2655 triginta
512 2576 687 2657 spondiacos
705 2597 768 2638 esse
780 2577 876 2638 voluit
892 2578 993 2658 ibique
1007 2587 1066 2638 tres
1083 2582 1182 2657 posuit

94 2666 250 2723 continuos
280 2660 320 2740 (v.
349 2659 496 2738 78-80).
537 2662 612 2722 conf.
638 2663 663 2722 I.
681 2664 872 2722 Baumannus
903 2665 936 2721 in
965 2672 1181 2742 programmate

91 2747 347 2825 Landisbergensi
361 2751 433 2806 anni
448 2748 539 2821 1881,
552 2768 581 2826 p.
594 2747 645 2806 XI
658 2768 689 2821 s,
704 2751 755 2827 qui
768 2751 867 2807 omnia
880 2747 1017 2826 exempla
1030 2767 1180 2808 enumera-

92 2837 147 2893 vit.
183 2832 351 2893 simillimae
372 2840 471 2891 autem
491 2832 571 2891 haud
594 2832 683 2892 dubie
704 2833 830 2893 ¹tirerunt
849 2832 1029 2913 reliquorum
1051 2832 1180 2892 eiusdem

92 2925 193 2980 sectae
209 2919 347 2988 rationes,
366 2936 542 2997 quamquam
555 2938 634 2977 nunc
652 2937 729 2978 unus
742 2924 856 2976 tantum
871 2916 986 2976 Cinnae
1004 2917 1180 2994 spondiacus

93 3001 144 3079 (fr.
160 3002 225 3060 71..
243 2999 359 3076 Muell.)
375 3004 505 3081 itemque
521 3023 599 3061 unus
617 3001 713 3062 duove
730 3003 872 3062 Varronis
889 3002 1012 3060 Atacini
1029 3001 1073 3077 (in
1086 3003 1181 3061 Riesii

91 3094 149 3148 sat.
171 3087 303 3165 Menipp.
321 3086 464 3145 Varronis
485 3087 569 3145 Iteat.
593 3086 721 3146 editione
742 3108 771 3166 p.
795 3083 906 3159 261s.)
932 3091 1042 3145 extant.
1077 3090 1180 3146 tertius

88 3173 177 3232 Iocus
195 3191 252 3250 quo
271 3171 374 3230 Cicero
397 3169 434 3229 de
455 3172 541 3230 novis
561 3175 657 3251 poetis
679 3173 858 3231 mentionem
879 3172 981 3230 iniecit
1002 3179 1046 3230 est
1067 3174 1100 3229 in
1117 3172 1178 3229 Tu·

92 3255 205 3318 sculan.
229 3255 335 3334 disput.
353 3255 405 3314 111
424 3257 462 3314 19
480 3255 531 3330 45,
554 3277 612 3335 quo
629 3257 694 3317 loco
713 3255 818 3315 adlatis
839 3256 1028 3335 conpluribus
1045 3257 1178 3317 versibus

79 3355 133 3402 'ex
150 3342 244 3400 Ennii
260 3339 471 3399 Andromacha
488 3340 567 3400 hunc
583 3343 616 3401 in
637 3341 757 3400 modum
777 3345 887 3421 pergit:
910 3340 940 3400 ‘o
962 3349 1079 3420 poetam
1097 3361 1178 3420 egre-

93 3428 189 3505 giam!
217 3445 394 3505 quamquam
415 3425 453 3484 ab
479 3425 526 3485 his
552 3427 720 3486 cantoribus
741 3426 940 3506 Euphorionis
966 3428 1178 3486 contemnitur'

94 3511 201 3592 quibus
219 3514 251 3569 in
268 3510 366 3569 verbis
384 3518 452 3571 sunt
469 3515 521 3591 qui
537 3518 643 3590 putent
659 3512 830 3572 Ciceronem
851 3511 901 3572 vel
921 3516 1009 3572 unice
1030 3512 1080 3573 vel
1096 3531 1180 3590 prae·

94 3599 180 3675 cipue
206 3595 244 3655 de
266 3594 403 3655 Cornelio
425 3595 514 3655 Gallo
541 3599 693 3673 cogitasse,
720 3615 807 3676 quem
827 3596 1051 3676 Euphorioneos
1078 3598 1178 3673 elegos

94 3682 282 3760 conposuisse
313 3688 446 3741 veterum
475 3683 651 3741 testimoniis
681 3690 802 3742 constat.
846 3700 949 3741 verum
976 3680 1081 3741 Gallus
1107 3702 1178 3740 num

94 3769 181 3825 annis
200 3760 312 3842 709145
336 3773 365 3826 et
389 3759 515 3844 molta
539 3766 646 3846 quibus
668 3767 855 3827 Ihsculanae
877 3765 1089 3844 disputationes
1111 3786 1178 3824 con·

95 3854 222 3930 scriptae
243 3859 320 3923 sunt,
346 3854 406 3910 iam
428 3854 590 3911 innotuerit
612 3851 782 3928 ambiguum
805 3858 857 3923 est,
879 3859 1005 3929 suntque
1027 3849 1179 3910 Ciceronis

94 3937 186 3996 verba
202 3939 245 3994 ita
261 3943 421 4015 conparata
438 3944 471 3995 ut
488 3935 629 4014 adpareat
646 3939 809 4013 generatim
826 3936 870 3995 ibi
887 3934 1004 3995 eosdem
1017 3935 1179 4012 significari

95 4040 168 4101 quos
184 4022 256 4080 locis
274 4041 364 4101 supra
384 4019 511 4081 laudatis
533 4029 683 4100 poetarum
708 4041 851 4080 novorum
873 4023 936 4080 sive
957 4021 1012 4079 τῶν
1036 4017 1178 4096 νεωτέρων

94 4105 292 4185 adpellatione
321 4109 476 4167 notaverit.
516 4110 624 4166 etenim
656 4113 842 4166 contemnere
867 4105 999 4166 Ennium
1028 4109 1093 4165 iure
1120 4105 1179 4166 dici

91 4200 252 4272 potuerunt
269 4194 388 4252 omnino
406 4193 434 4254 ei
456 4193 507 4272 qui
525 4192 563 4252 ab
580 4191 661 4252 illius
679 4199 742 4251 arte
764 4190 964 4266 discesserant,
988 4200 1178 4271 cantoresque

972 4289 991 4330 Ε
996 4286 1010 4314 Ι
