2968 4990
785 375 956 436 GATULLI

817 566 918 632 XIII.

487 686 626 754 Cenabis
643 686 736 762 bene,
754 686 799 751 mi
814 686 961 763 Fabulle,
980 686 1066 772 apud
1084 710 1135 753 me

485 781 607 868 paucis,
626 780 652 844 si
669 779 726 843 tibi
745 780 913 858 ditarent,
932 781 1055 857 diebus,

486 876 636 940 sitecum
654 873 796 937 attuleris
814 874 930 939 bonam
949 886 1043 958 atque
1061 897 1210 960 magnam

487 990 608 1043 cenam,
626 989 691 1031 non
709 967 777 1030 sine
795 967 930 1031 candida
948 968 1055 1052 puella

486 1073 519 1127 et
535 1063 609 1125 vino
628 1071 660 1125 et
676 1061 742 1125 sale
761 1070 792 1126 et
810 1062 958 1126 omnibus
976 1061 1147 1126 cachinnis.

485 1156 565 1220 haec
583 1154 620 1230 si,
638 1154 779 1236 inquam,
798 1155 949 1230 attuleris,
968 1166 1100 1221 venuste
1117 1165 1234 1234 noster,

486 1249 614 1314 cenabis
633 1248 728 1312 benet
746 1239 821 1311 nam
840 1247 886 1311 tui
906 1246 1025 1312 Catulli

484 1343 599 1428 plenus
617 1341 763 1406 sacculus
781 1351 830 1405 est
848 1363 1044 1406 aranearum.

486 1436 542 1500 sed
560 1444 670 1500 contra
687 1434 823 1518 accipies
840 1456 943 1500 meros
961 1456 1083 1500 amores

485 1552 541 1594 seu
560 1528 637 1612 quid
654 1528 782 1593 suavius
801 1527 1062 1614 elegantiusvest:

450 1659 468 1673 „
484 1645 560 1687 nant
577 1631 777 1707 unguentum
796 1621 888 1699 dabo,
907 1622 993 1704 quod
1010 1644 1101 1687 meae
1117 1620 1241 1708 puellae

486 1717 645 1781 donarunt
661 1717 803 1781 Veneres
822 1713 1071 1800 Cupidinesque,

486 1810 572 1895 quod
589 1821 624 1874 tu
642 1833 713 1874 cum
733 1810 872 1886 offacias,
891 1810 966 1874 deos
984 1810 1122 1895 rogabis,

486 1914 588 1970 totum
605 1914 642 1967 ut
659 1914 690 1968 te
708 1903 836 1979 faciant,
855 1903 1001 1980 Fabulle,
1019 1925 1142 1970 nasum.

845 2251 942 2316 XIV.

484 2371 527 2438 Ni
544 2382 575 2437 te
592 2372 663 2455 plus
681 2369 780 2435 oculis
797 2370 877 2434 meis
895 2393 1045 2446 amarem,
1141 2400 1148 2418 ·

488 2464 713 2529 iucundissime
733 2460 843 2540 Calve,
862 2485 993 2528 munere
1010 2463 1071 2528 isto

487 2559 623 2624 odissem
642 2568 673 2623 te
691 2557 763 2622 odio
781 2557 967 2622 Vatiniana:

486 2651 657 2735 namquid
674 2650 736 2715 feci
753 2673 813 2736 ego
832 2651 948 2734 quidve
967 2673 1038 2716 sum
1056 2651 1190 2728 locutus,

488 2768 544 2812 cur
561 2768 613 2810 me
631 2754 677 2808 tot
694 2746 777 2809 male
795 2745 942 2830 perderes
961 2745 1082 2830 poetis?

447 2841 541 2907 *isti
560 2841 591 2904 di
610 2839 694 2904 mala
712 2840 812 2903 multa
830 2840 905 2904 dent
923 2838 1038 2916 clienti,

486 2935 542 3018 qui
559 2945 682 2998 tantum
700 2932 757 2996 tibi
774 2933 860 2996 misit
877 2934 1045 3018 inpiorum.

487 3028 574 3113 quod
591 3028 627 3101 si,
645 3038 681 3091 ut
694 3027 845 3111 suspicor,
864 3026 924 3090 hoc
938 3048 1057 3091 novum
1071 3048 1108 3091 ac
1121 3036 1282 3112 repertum

487 3144 603 3186 munus
622 3121 677 3185 dat
694 3120 751 3183 tibi
770 3118 861 3184 Sulla
879 3120 1043 3197 litterator,

487 3237 552 3280 non
570 3225 618 3279 est
635 3213 679 3276 mi
697 3215 790 3290 male,
809 3213 865 3278 sed
885 3215 964 3278 bene
982 3236 1019 3278 ac
1037 3213 1140 3291 beate,

485 3309 574 3394 quod
591 3330 655 3373 non
673 3308 857 3392 dispereunt
874 3307 919 3371 tui
936 3307 1071 3372 labores.

468 3403 521 3466 tdi
540 3403 658 3488 magni,
676 3400 858 3466 horribilem
877 3411 908 3466 et
926 3424 1050 3465 sacrum
1067 3401 1220 3480 libellum,

466 3561 468 3571 ,
487 3517 583 3578 quern
600 3506 636 3560 tu
653 3494 773 3560 scilicet
789 3495 830 3558 ad
848 3506 938 3558 tuum
957 3493 1119 3561 Catullum

488 3588 583 3664 misti,
601 3588 750 3653 continuo
768 3599 804 3652 ut
822 3589 872 3653 die
891 3589 1006 3672 periret

490 3681 724 3758 Saturnalibus,
743 3683 862 3766 optimo
881 3681 1016 3746 dierum!

487 3797 552 3840 non
569 3797 633 3839 non
650 3775 711 3840 hoc
729 3776 796 3851 tibi,
816 3775 908 3851 salse,
927 3775 972 3840 sic
990 3774 1104 3839 abibit:

487 3893 572 3944 nam,
591 3868 618 3933 si
635 3868 761 3944 luxerit,
780 3869 821 3932 ad
839 3869 1038 3933 librariorum

488 3987 612 4029 curram
630 3963 755 4039 scrinia,
775 3961 915 4039 Cassios,
936 3963 1092 4046 Aquinos,

489 4057 667 4133 Suffenum,
686 4057 792 4122 omnia
809 4057 957 4144 colligam
974 4079 1106 4132 venena,

489 4173 527 4217 ac
544 4162 576 4216 te
594 4152 642 4216 his
662 4151 823 4236 suppliciis
842 4150 1078 4217 remunerabor.
