2968 4990
488 437 667 480 snuorsrro
690 437 812 480 carnea
1038 494 1042 502 .
1106 435 1198 478 cxxrx

107 555 243 628 antehac,
264 574 330 615 cum
344 556 439 614 amica
453 555 593 633 congredi
607 558 731 616 vetitum
744 573 815 629 essa,
835 554 922 614 simul
939 555 1009 614 hinc
1022 558 1131 633 optime
1144 555 1198 614 illa

108 641 201 701 verba
217 639 413 700 inlustrantur
430 642 537 720 quibus
552 641 686 700 Catullus
703 644 735 700 in
754 641 874 702 exordio
893 641 1006 718 elegiae
1024 640 1061 699 de
1078 639 1198 699 fortuna

107 727 236 786 adversa
260 727 348 785 amici
368 726 488 785 rettulit.
533 747 602 785 nam
624 726 661 786 de
683 735 789 785 natura
811 726 909 785 acerbi
929 729 1014 784 istius
1037 744 1121 784 casus
1138 745 1197 806 quo

108 830 142 872 se
163 829 335 889 oppressum
356 829 419 870 esse
441 809 538 869 Allius
561 811 676 871 absenti
694 810 812 870 Catullo
835 829 888 890 per
906 809 1062 888 epistulam
1080 813 1197 869 nuntia·

107 904 193 956 verat
219 897 251 953 in
272 897 444 954 universum
468 898 575 955 rectius
602 916 692 975 quarn
720 904 830 956 ceteros
858 894 893 954 Ο.
912 894 1138 955 Harneckerum
1165 898 1197 954 in

108 987 326 1060 programmate
347 982 497 1058 gymnasii
518 980 779 1058 Friedebergensis
806 1001 832 1039 a.
861 981 952 1049 1881,
980 1000 1009 1059 p.
1033 981 1099 1038 3ss.
1122 979 1197 1038 iudi-

109 1085 192 1126 casse
209 1083 322 1137 ceuseo‚
341 1085 519 1145 quamquam
536 1085 633 1144 neque
645 1074 724 1125 recte
737 1083 866 1124 amorem
884 1065 921 1124 ab
940 1065 986 1123 his
1004 1064 1198 1124 incommodis

108 1150 200 1229 plane
220 1149 350 1209 alienum
372 1149 463 1208 fuisse
486 1153 601 1228 putavit
623 1159 652 1210 et
673 1151 733 1210 alia
751 1149 897 1230 quaedam
914 1151 1012 1208 minus
1029 1149 1198 1227 probabilia

109 1235 304 1314 disputationi
326 1253 397 1294 suae
418 1234 583 1294 admiscuit.
626 1243 747 1314 perapte
769 1246 867 1294 autem
894 1233 953 1293 dici
975 1233 1095 1293 videtur
1121 1247 1198 1293 terra

110 1320 182 1378 olim
204 1319 274 1378 data
295 1319 406 1378 auferri
427 1322 468 1379 eis
490 1320 597 1399 quibus
619 1321 700 1379 facta
721 1319 758 1378 ab
782 1321 876 1379 amico
894 1321 980 1397 copia
1002 1338 1067 1378 cum
1091 1318 1197 1398 puellis

109 1408 217 1463 amatis
244 1403 441 1464 conveniendi
467 1405 563 1464 subito
588 1404 759 1478 detrahitur,
786 1424 843 1464 nec
865 1405 989 1463 multum
1011 1403 1101 1462 distat
1124 1405 1197 1463 haec

109 1489 283 1567 metaphora
309 1489 347 1548 ab
375 1509 410 1549 aa
433 1490 565 1565 imagine
592 1510 650 1568 qua
681 1491 767 1548 initio
794 1491 932 1548 carminis
960 1488 1093 1548 condicio
1120 1488 1197 1548 Allii

110 1573 257 1651 descripta
276 1581 319 1632 est
341 1571 380 1650 (v.
401 1576 451 1632 3⁸.
487 1573 564 1633 conf.
582 1578 670 1634 etiam
690 1595 718 1634 v.
739 1571 847 1650 63ss.).
890 1573 996 1654 quodsi
1014 1577 1079 1655 quis
1096 1575 1128 1632 in
1146 1595 1197 1633 au-

110 1658 198 1717 dacia
213 1657 413 1718 translationis
430 1659 566 1732 offendet,
583 1659 798 1719 recordandum
812 1667 856 1719 est
867 1659 1030 1718 locutiones
1047 1663 1079 1717 in
1093 1658 1197 1718 eadem
1272 1663 1274 1668 ’

109 1747 244 1820 imagine
260 1747 370 1821 positas
388 1743 467 1822 apud
484 1745 634 1803 Romanos
653 1743 812 1804 admodum
828 1747 952 1804 usitatas
970 1763 1040 1816 esse,
1059 1751 1196 1822 opportu-

109 1847 208 1907 neque
223 1828 332 1887 Munro
350 1825 483 1906 (journal
501 1828 535 1888 of
548 1829 649 1907 philol.
667 1829 748 1888 VIII
766 1825 849 1902 335),
868 1832 918 1908 qui
936 1849 1016 1888 nunc
1033 1836 1063 1888 et
1080 1832 1144 1905 ipse
1162 1848 1196 1887 eo

108 1915 237 1972 inclinat
253 1922 287 1971 ut
303 1913 481 1972 vocabulum
501 1924 606 1971 terra-m
627 1935 680 1992 pro
698 1916 815 1990 integro
832 1913 947 1986 habeat,
966 1934 1027 1972 non
1044 1912 1140 1972 nullos
1158 1933 1196 1972 ex

107 1998 217 2058 Plauto
236 2006 265 2056 et
283 1997 424 2058 Cicerone
441 1998 521 2057 locos
539 1998 578 2056 ad
595 1998 802 2058 stabiliendam
819 1999 896 2058 hanc
914 1999 1070 2058 lectionem
1088 1999 1195 2070 attulit,

108 2083 204 2143 veluti
225 2090 343 2142 mercat.
365 2103 393 2141 v.
413 2084 519 2142 lere:
545 2085 668 2159 equidem
688 2103 730 2141 me
750 2087 806 2140 iam
829 2085 969 2141 censebam
990 2103 1051 2141 esee
1071 2085 1196 2140 interra

108 2179 194 2243 atque
215 2171 243 2226 ia
266 2177 324 2226 tcto
346 2171 421 2225 loco:
452 2169 554 2226 Verum
578 2169 655 2225 video
681 2189 722 2225 me
744 2171 842 2225 iterum
864 2170 904 2226 ad
924 2188 996 2226 saca
1016 2169 1089 2240 ferri
1105 2169 1196 2224 saevis

104 2255 245 2324 fluctibus.
281 2259 434 2330 praeterea
459 2252 647 2312 manifestum
673 2260 717 2311 est
742 2259 860 2330 poetam
882 2259 912 2311 ct
936 2252 986 2311 hic
1008 2259 1038 2311 et
1060 2251 1196 2310 omnibus

108 2342 233 2398 omniuo
257 2337 330 2396 locis
354 2338 407 2397 ubi
433 2336 470 2396 de
495 2338 571 2396 Allii
594 2337 717 2396 fortuna
747 2336 842 2416 deque
869 2341 931 2397 eius
958 2338 1077 2415 suisque
1103 2339 1196 2414 ipsius

106 2422 191 2502 apud
209 2422 387 2481 ‘dominam’
406 2423 555 2481 amoribus
572 2422 704 2502 loquitur
720 2425 857 2481 cautione
875 2429 904 2481 et
917 2424 1050 2502 quaesita
1067 2421 1196 2501 quadam

106 2508 288 2568 obscuritate
301 2509 344 2565 uti
356 2525 461 2586 resque
473 2527 534 2566 non
550 2516 612 2566 tam
625 2509 779 2567 enuntiare
792 2526 881 2587 quam
897 2506 1004 2566 leviter
1017 2507 1194 2583 significare.

107 2614 169 2673 quo
179 2613 216 2652 ex
225 2591 322 2651 studio
335 2591 452 2653 videtur
464 2592 538 2652 illud
552 2611 670 2672 quoque
683 2591 893 2670 explicandum
902 2611 966 2651 essa
974 2590 1055 2671 quod
1063 2600 1194 2651 extremo

107 2678 230 2736 demum
248 2680 376 2735 carmine
393 2677 488 2755 qualis
501 2677 577 2736 Allii
595 2697 678 2737 casus
696 2678 786 2736 fuerit
802 2680 903 2757 paucis
921 2679 1016 2756 aperit
1034 2676 1194 2735 hominem-

106 2781 169 2842 que
192 2768 280 2819 antea
300 2760 431 2819 nondum
454 2770 710 2822 commemoratum
731 2761 830 2821 infert.
864 2764 925 2820 iam
942 2780 1012 2821 vero
1030 2769 1116 2820 erunt
1136 2761 1195 2820 for·

104 2855 190 2906 tasse
207 2848 259 2925 qui
276 2853 386 2920 negent
402 2846 467 2905 fieri
487 2849 617 2925 potuisse
633 2855 666 2906 ut
683 2854 779 2925 pocta,
801 2848 917 2906 iuvenis
934 2849 1054 2923 ingenio
1072 2849 1103 2904 in
1121 2847 1195 2904 iram

105 2948 260 3010 praeceps,
279 2933 368 2989 etiam
386 2949 452 2989 eum
469 2949 555 3010 quem
573 2935 637 3009 ipsc
654 2942 761 2991 terram
775 2932 942 2990 amantibus
956 2930 1071 2989 auferre
1085 2929 1195 2989 diceret

105 3018 198 3076 bonis
219 3022 444 3092 prosequeretur
468 3017 623 3075 ominibus.
668 3025 698 3073 at
720 3019 746 3074 si
767 3015 851 3074 illum
873 3018 1040 3074 necessitati
1062 3017 1195 3092 paruisse

106 3107 242 3171 noverat,
267 3107 344 3158 certe
366 3101 460 3176 magis
483 3098 586 3159 habuit
608 3120 660 3159 cur
680 3102 810 3179 priorum
827 3099 1036 3159 beneficiorum
1054 3111 1083 3158 ct
1101 3101 1193 3158 amico

106 3205 165 3246 suo
183 3192 212 3244 et
229 3183 347 3243 sibimet
368 3184 426 3261 ipsi
443 3184 578 3243 datorum
600 3193 682 3260 grato
701 3188 799 3244 animo
816 3184 1019 3244 recordaretur
1035 3203 1125 3263 quam
1143 3204 1196 3243 cur

106 3268 348 3342 excandesceret,
366 3288 461 3348 neque
478 3269 711 3330 obliviscendum
729 3278 774 3329 est
786 3269 911 3346 elegiam
925 3268 1001 3328 hanc
1015 3287 1050 3328 eo
1063 3277 1194 3348 tempore

106 3375 170 3435 quo
183 3355 319 3413 Veronae
337 3354 442 3413 absens
460 3363 552 3414 morte
569 3355 668 3414 fratris
686 3359 816 3432 graviter
828 3355 964 3413 adflictus
982 3360 1044 3413 erat
1061 3357 1194 3432 conposi-

107 3449 173 3500 tam
194 3457 264 3499 esse.
308 3459 426 3517 possum
448 3438 557 3499 addere
578 3440 645 3511 alia,
669 3439 720 3498 sed
741 3443 801 3498 iam
822 3439 901 3498 ultra
921 3437 1040 3498 modurn
1058 3458 1193 3516 egressus

109 3545 185 3584 sum.
221 3527 321 3603 itaque
339 3524 429 3583 finem
447 3523 616 3604 disputandi
638 3524 768 3584 facturus
790 3523 821 3582 id
843 3533 958 3583 tantum
975 3543 1062 3601 agam
1079 3533 1112 3582 ut
1133 3543 1193 3603 quo

108 3609 198 3668 modo
225 3608 396 3687 depravatio
428 3617 491 3668 orta
518 3629 580 3670 esse
606 3609 679 3668 mihi
705 3609 842 3668 videatur
867 3609 1013 3688 explicem
1037 3611 1194 3687 ipsumque

108 3693 191 3773 quod
212 3693 335 3754 adhibui
356 3693 520 3754 remedium
541 3714 561 3753 a
580 3698 796 3774 vituperatione
818 3693 985 3754 defendam.
1019 3702 1091 3773 puto
1114 3696 1193 3752 enim

110 3781 237 3857 primum
253 3797 415 3857 pronomen
427 3780 583 3840 relativum
597 3801 680 3855 qaam
696 3788 763 3858 post
776 3783 824 3854 qai
839 3799 892 3858 per
905 3797 1032 3840 errorem
1046 3781 1192 3851 omissum,

110 3863 220 3924 deiude
240 3865 325 3924 metri
347 3864 498 3924 reficiendi
520 3884 609 3923 causa
631 3867 769 3924 carminis
790 3864 896 3924 LXVI
916 3884 1005 3924 versu
1027 3865 1076 3935 49,
1100 3866 1151 3943 qni
1176 3883 1195 3922 a

109 3949 210 4008 verbis
235 3959 261 4007 et
287 3952 336 4023 qui
355 3952 497 4026 principio
524 3949 644 4022 orditur,
671 3951 703 4007 in
729 3949 873 4008 auxilium
898 3958 1002 4009 vocato
1025 3968 1078 4027 pro
1100 3951 1193 4024 primo

111 4035 301 4094 substitutum
327 4052 391 4093 esse
413 4037 564 4110 principio.
607 4054 696 4114 quam
723 4037 921 4113 suspicionem
947 4037 973 4094 si
998 4036 1063 4113 quis
1089 4053 1193 4112 parum

110 4118 295 4197 probabilem
320 4137 383 4178 esse
409 4119 554 4179 iudicabit
579 4119 733 4198 propterea
755 4118 834 4198 quod
856 4139 917 4178 vox
938 4139 1014 4199 quae
1037 4128 1081 4178 est
1102 4121 1194 4194 primo

112 4223 200 4264 versu
217 4205 351 4282 proximo
364 4207 501 4264 recurrit:
520 4224 556 4265 ea
572 4206 707 4284 repetitio
725 4207 778 4264 vix
794 4211 891 4284 potest
907 4204 1083 4283 permolesta
1099 4203 1196 4262 videri

164 4299 259 4340 Catrtllus
989 4301 1001 4340 Ι
