2968 4990
259 315 318 360 dxx
638 313 816 358 Annorfflo
838 313 960 356 omncs

260 517 398 596 adprobo,
416 517 497 599 quod
512 538 573 578 non
589 518 680 579 nullis
697 518 843 597 placuisse
860 521 957 578 miror.
992 521 1018 578 io
1037 523 1128 580 citatis
1145 519 1360 579 Baehrensius

259 602 382 663 fortusse
398 611 485 664 recte.
522 607 661 662 mositatis
679 603 715 662 G.
751 607 891 662 crocitatis
909 602 944 664 Ο.
963 635 1007 646 -
1024 604 1066 662 34
1084 615 1213 662 secuntur
1227 603 1263 664 O.
1307 626 1354 662 se-

259 699 381 764 quuntur
392 688 549 768 Hauptius.
563 721 606 730 -
623 688 663 746 56
682 690 806 763 deripere
821 687 1027 748 Baehrensius.
1062 691 1180 764 diripere
1196 690 1234 762 V,
1253 696 1285 749 et
1306 692 1356 750 sic

258 773 416 854 Hauptius.
431 804 473 814 -
488 773 526 831 61
547 795 565 831 a
579 772 750 832 Schwabius
769 773 886 852 aliique
917 775 955 830 ba
972 771 1008 832 O.
1040 775 1076 834 ab
1090 773 1126 846 G,
1142 777 1226 833 etita
1239 774 1354 852 Haup-

258 861 325 920 tius.
345 891 386 902 —
405 860 444 916 62
464 859 573 916 obierim
591 857 710 917 Statius.
741 860 854 916 adierim
871 858 908 917 V.
934 859 1075 916 habuerim
1092 859 1232 935 Scaliger,
1255 880 1355 938 quem

259 963 326 1003 cum
342 942 536 1002 Lachmanno
554 943 703 1022 Hauptius
726 950 841 1002 secutus
863 951 916 1015 est,
933 943 1019 1003 male.
1064 964 1134 1002 nam
1151 943 1290 1004 babuisse
1318 963 1356 1004 se

260 1031 360 1088 omnia
373 1047 483 1105 genera
495 1028 607 1104 figurae
619 1029 701 1086 Attis
714 1027 812 1088 dicere
824 1027 907 1087 nullo
920 1027 1008 1088 modo
1021 1037 1125 1108 potest,
1141 1033 1203 1088 sive
1214 1030 1353 1106 priorem

259 1114 340 1173 vitae
353 1113 554 1172 condicionem
569 1116 632 1172 sive
644 1121 829 1191 praesentem
841 1114 967 1192 respicit
984 1145 1029 1155 -
1046 1115 1086 1174 63
1105 1113 1142 1172 ab
1157 1113 1286 1190 Hauptii
1301 1135 1354 1172 ra-

259 1200 341 1258 tione
352 1198 583 1278 interpungendi
596 1201 639 1256 ita
651 1201 758 1258 recessi
767 1205 800 1257 ut
812 1216 909 1277 neque
917 1207 1093 1276 postvocem
1104 1219 1178 1274 puer
1191 1200 1353 1258 terminari

261 1287 422 1343 orationem
437 1285 563 1343 sinerem
577 1292 606 1343 et
624 1302 738 1342 comma
753 1285 832 1341 inter
849 1285 945 1340 raolier
962 1290 991 1342 et
1008 1283 1132 1342 alterum
1150 1303 1197 1358 epo
1215 1287 1352 1361 positum

258 1369 400 1429 tollerem.
428 1388 476 1442 epo
489 1371 657 1428 rnulieresse
666 1360 747 1445 ἐγώἡ
761 1362 829 1445 γυνή
842 1375 920 1427 recte
930 1366 1007 1426 dixit
1015 1368 1259 1428 Wilamowitzius
1269 1368 1353 1426 Her-

259 1473 326 1514 mae
337 1453 416 1512 XIV
427 1454 486 1512 198
496 1475 525 1512 n.
536 1485 578 1494 -
590 1454 629 1511 74
643 1456 749 1512 sonitus
764 1455 833 1509 citus
850 1453 917 1510 obiit
930 1455 1035 1532 scripsi
1047 1455 1154 1531 partim
1166 1452 1354 1526 Bentleium,

260 1542 309 1598 cui
323 1543 393 1597 citus
406 1538 537 1609 debetur,
550 1540 657 1616 partim
669 1544 798 1597 veterem
811 1545 1003 1597 correctorem
1017 1547 1141 1610 secutus,
1160 1541 1353 1616 praeivitque

259 1626 292 1684 in
310 1623 375 1682 loco
389 1625 432 1682 sic
446 1622 649 1682 constituendo
662 1621 792 1681 Ellisius.
824 1621 899 1681 conf.
912 1643 941 1680 v.
956 1624 1006 1680 42.
1038 1627 1144 1681 sonitus
1158 1625 1355 1682 adtitmanco

260 1727 348 1768 versu
365 1708 401 1769 V.
442 1711 547 1765 sonitus
565 1709 631 1764 abiit
650 1710 721 1765 celer
736 1707 887 1786 Hauptius
905 1727 971 1767 curn
988 1708 1190 1779 Lachmanno,
1210 1711 1261 1786 qui
1279 1727 1354 1768 cum

259 1813 289 1852 v.
309 1795 349 1851 14
366 1800 496 1853 extremo
513 1811 617 1851 vocem
635 1795 716 1850 celeri
731 1795 764 1850 iu
778 1791 930 1851 codicibus
947 1793 1068 1852 exulare
1082 1792 1205 1864 videret,
1223 1811 1288 1851 eam
1308 1792 1354 1852 ad

259 1877 452 1942 reficiendum
468 1878 548 1937 hunc
564 1896 682 1937 versum
699 1876 841 1936 adhibuit.
882 1876 933 1936 sed
950 1877 1130 1936 adiectivum
1147 1876 1223 1936 illud
1240 1897 1259 1934 a
1276 1899 1304 1935 v.
1331 1881 1348 1934 1

260 1963 413 2024 aberrasse
438 1966 502 2023 veri
526 1961 618 2021 multo
640 1962 762 2022 similior
783 1964 911 2040 suspicio
933 1971 977 2022 est
993 1962 1176 2022 Baehrensii.
1215 1961 1352 2021 Bentleii

260 2049 473 2128 complemento
490 2047 605 2107 nullum
623 2056 700 2107 certe
717 2047 907 2126 probabilius.
928 2079 971 2089 —
995 2047 1032 2105 75
1052 2051 1131 2106 auris
1153 2045 1354 2123 (coniunctim
1464 2067 1465 2070 ¹

260 2137 400 2213 scriptum
414 2154 480 2193 cum
492 2131 721 2212 praepositione)
735 2131 771 2192 Ο.
799 2152 882 2191 aures
889 2131 997 2212 reliqui
1005 2131 1083 2206 libri,
1098 2133 1351 2210 etitaHauptius.

323 2219 429 2280 LXIV
447 2219 487 2277 16
505 2222 567 2290 illo,
585 2221 664 2276 nulla
681 2221 739 2276 alio
757 2219 868 2295 scripsi.
903 2220 954 2276 illa
971 2219 1030 2276 alia
1048 2215 1083 2277 Ο.
1118 2221 1169 2276 ila
1187 2227 1270 2291 utque
1288 2220 1353 2274 alia

260 2303 291 2366 (i
313 2326 379 2364 cum
401 2303 522 2383 reliquis
544 2303 701 2382 plerisque,
723 2301 802 2382 quod
823 2323 876 2381 pro
894 2302 1008 2362 infelici
1025 2309 1132 2361 conatu
1150 2301 1352 2362 subveniendi

260 2397 353 2449 metro
375 2387 544 2448 habendum
566 2395 618 2447 est.
658 2391 736 2452 nulla
757 2389 896 2466 postilla
918 2407 1007 2466 quam
1028 2386 1115 2446 facile
1137 2385 1274 2446 excidere
1296 2407 1350 2464 po-

260 2477 351 2533 tuerit
372 2481 505 2552 apertum
526 2479 578 2532 est
617 2480 746 2531 ceterum
769 2471 828 2531 tals
845 2471 1079 2532 additamentum
1100 2471 1188 2550 quale
1206 2479 1249 2530 est
1266 2475 1350 2530 arella

261 2561 321 2616 alia
339 2575 590 2636 supervacaneum
603 2575 667 2617 esse
684 2564 713 2616 et
729 2557 905 2632 languidum
916 2578 978 2618 non
994 2556 1140 2617 iudicabit
1156 2559 1215 2614 nisi
1231 2557 1350 2634 mytho-

260 2643 360 2720 logiae
373 2646 503 2719 ignarus.
529 2644 590 2713 illa,
609 2643 691 2716 siqua
708 2645 765 2699 alia
775 2643 925 2721 Hauptius
939 2662 955 2702 e
969 2645 1139 2702 coniectura
1151 2640 1348 2700 Lachmanni.

261 2760 304 2770 —
323 2729 382 2786 23⁸
405 2727 536 2786 dubitari
557 2747 619 2786 non
639 2734 736 2806 potest
756 2729 829 2806 quin
851 2729 883 2786 in
904 2730 1012 2786 amissa
1033 2727 1120 2786 buius
1138 2745 1240 2785 versus
1261 2734 1349 2804 parte

262 2812 383 2893 aliquod
405 2811 585 2872 adieetivum
606 2814 735 2891 positum
756 2811 847 2871 fuerit
869 2811 947 2893 quod
974 2810 1012 2871 ad
1037 2823 1157 2869 matrum
1177 2812 1348 2891 pertineret,

262 2919 337 2979 quae
354 2919 415 2958 vox
432 2897 563 2977 epitheto
580 2896 719 2957 destituta
735 2898 841 2956 mirum
855 2907 998 2977 quantum
1014 2896 1144 2972 languet.
1170 2898 1269 2975 itaque
1283 2897 1349 2954 veri

262 2984 358 3044 simile
374 2992 419 3043 est
436 2983 586 3044 Catullum
603 2981 719 3042 dedisse
741 2985 846 3040 salvete
863 2986 970 3053 iterum,
988 2985 1102 3053 salvete,
1126 2982 1268 3060 bonorum.
1305 2989 1349 3038 at·

261 3089 319 3150 que
340 3071 460 3128 tertium
482 3072 587 3128 salvete
607 3066 792 3127 intercidisse
810 3068 960 3146 Hauptius
982 3068 1146 3144 suspicatus
1163 3073 1207 3124 est
1224 3064 1264 3141 (v.
1283 3067 1348 3123 eius

262 3174 361 3234 opusc.
379 3154 450 3211 132
466 3161 495 3213 et
507 3154 541 3212 H
557 3153 596 3211 76
606 3172 629 3212 s.
647 3173 714 3211 cum
732 3152 922 3212 adnotatione
939 3149 1079 3228 editoris),
1098 3153 1232 3208 bonarum
1248 3157 1347 3210 autem

262 3247 329 3317 post
345 3238 586 3318 Peerlkampium
607 3257 701 3317 nuper
722 3238 831 3296 Munro
849 3257 965 3317 quoque
985 3235 1061 3311 (crit.
1082 3237 1151 3308 144,
1174 3234 1250 3295 conf.
1271 3231 1346 3306 148)

262 3325 294 3382 in
312 3323 372 3382 fine
388 3341 491 3382 versus
508 3322 677 3383 addendum
696 3341 759 3382 esse
773 3324 905 3382 coniecit.
919 3353 963 3364 -
980 3324 1020 3380 28
1034 3324 1208 3397 palae-mora
1224 3319 1346 3378 Ellisius

262 3403 427 3485 (pulcerima
449 3404 498 3480 O).
531 3409 718 3483 pulcherrima
739 3408 840 3483 vulgo,
866 3415 896 3466 et
917 3409 960 3466 sic
981 3407 1140 3484 Hauptius.
1158 3438 1200 3446 -
1218 3407 1257 3462 41
1277 3412 1347 3462 ante

261 3508 290 3552 v.
319 3492 358 3551 39
391 3491 558 3565 conlocavi,
592 3499 748 3571 postquam
782 3492 936 3552 Ramlerus
965 3499 996 3551 et
1025 3490 1205 3550 Ritschelius
1235 3489 1346 3568 (opusc.

195 3619 203 3629 -
261 3577 314 3639 ΠΙ
328 3575 404 3655 600)
421 3575 547 3639 eundem
564 3584 633 3634 ants
649 3597 678 3635 v.
693 3577 734 3635 40
751 3579 937 3636 traiecerunt.
963 3597 1035 3656 quos
1052 3595 1091 3636 ne
1108 3579 1191 3635 omni
1208 3595 1247 3634 ex
1262 3582 1346 3652 parte

261 3682 400 3744 sequerer
420 3681 456 3723 eo
477 3661 643 3741 prohibitus
665 3681 729 3721 sum
751 3661 829 3740 quod
851 3660 891 3720 ad
912 3665 1075 3721 arationem
1096 3663 1194 3740 aptius
1212 3660 1250 3718 ab
1268 3659 1347 3718 obla-

262 3753 421 3830 queatione
434 3750 588 3808 vinearum
601 3766 690 3825 quarn
707 3766 726 3804 a
743 3745 930 3806 frondatione
946 3745 1084 3806 arborum
1097 3747 1237 3804 transitur
1254 3762 1347 3822 eaque

262 3837 472 3894 convenientia
501 3832 540 3892 ab
570 3832 642 3910 ipsis
672 3830 756 3890 libris
789 3830 988 3908 adgnoscitur.
1029 3831 1185 3905 vulgatum
1209 3849 1347 3889 versuum

262 3919 396 3980 ordinem
418 3921 548 3978 servavit
569 3917 727 3997 Hauptius.
745 3948 788 3958 -
810 3917 851 3975 5⁷
873 3914 1023 3976 barcncO
1046 3916 1164 3995 aliique.
1205 3935 1292 3974 arena
1310 3914 1347 3986 G,

263 4009 348 4064 etita
361 4005 518 4083 Hauptins
536 4035 581 4044 -
594 4004 633 4060 61
652 4004 718 4060 cheu
726 4001 883 4078 Bergkius.
908 4004 976 4060 bene
987 4001 1024 4061 V.
1052 4003 1134 4058 euhoe
1150 3999 1243 4060 Italos
1256 3999 1346 4058 secuti

260 4087 472 4148 Lachmannus
488 4089 706 4168 Hauptiusque,
729 4087 809 4168 quod
825 4107 887 4146 non
902 4086 990 4146 video
1008 4088 1060 4166 qui
1077 4086 1148 4144 huie
1163 4085 1229 4145 loco
1246 4092 1346 4164 aptum

257 432 405 494 videntur.
448 432 540 492 multo
562 442 659 493 autern
684 436 781 492 minus
808 436 897 494 etiam
919 432 1045 494 Avantii
1066 433 1142 494 illud
1163 455 1228 492 erae
1251 438 1362 494 citatis

1464 1341 1465 1372 l

1464 1423 1465 1482 l
