2954 4990
529 375 756 419 Paoassoafflua
1116 376 1189 418 mx

96 497 320 578 promovebant,
344 499 387 555 ita
405 514 454 555 eos
473 513 510 554 ex
532 494 704 574 aequalibus
721 496 815 574 poetis
832 495 1040 573 inpugnabant
1056 494 1188 556 diffama-

97 585 174 644 bant
162 593 231 663 tque
249 585 301 661 qui
323 583 432 640 veteris
453 584 524 639 artis
546 588 664 639 tenaces
682 579 759 638 nihil
780 599 812 638 se
833 581 917 638 novis
938 580 1030 659 placit
1018 583 1055 638 tis
1076 583 1188 640 moveri

97 674 277 747 paterentur.
234 675 391 726 urcerte
413 669 465 744 qui
489 686 507 724 a
529 664 647 726 Catullo
669 672 703 724 ut
722 667 915 743 pessimorum
936 667 1100 725 carminum
1121 686 1188 724 con-

99 754 210 813 ditores
223 751 388 810 inridentur
398 749 519 810 Caesius
521 750 688 829 ‚Aquinus,
703 749 849 823 Suffenus,
859 750 1008 824 Volusius,
1023 755 1060 824 ei,
1074 750 1144 810 licet
1156 770 1188 810 re

98 857 174 898 vera
185 841 276 896 iratas
290 837 448 896 habuerint
457 836 566 908 Musas,
576 835 655 914 quod
668 835 706 894 de
715 835 836 915 Aquino
851 834 908 895 salt
896 844 955 895 tem
969 827 1189 896 concedendum

99 931 154 996 est,
172 921 210 981 de
223 942 281 1001 quo
300 925 388 981 etiam
403 920 554 981 Ciceronis
571 919 777 979 iudiciumt
728 939 766 978 ex
766 929 809 978 tat
823 918 985 980 Catulliani
997 921 1189 993 simillimum,

98 1017 201 1067 tamen
219 1006 343 1067 dubium
359 1025 422 1065 esse
439 1009 544 1084 nequit
561 1008 634 1084 quin
655 1023 690 1063 ea
711 1008 896 1082 potissimum
918 1005 955 1084 de
977 1026 1066 1067 causa
1087 1005 1188 1066 odium

98 1101 206 1171 poetae
214 1091 395 1152 Veronensis
405 1093 607 1168 sociorumque
620 1089 677 1148 sibi
690 1094 898 1162 contraxerint,
913 1090 992 1170 quod
1001 1094 1081 1150 viam
1095 1091 1190 1151 abhis

97 1181 207 1236 initam
220 1180 303 1256 sequi
320 1176 441 1236 nollent.
477 1194 551 1254 quos
568 1175 768 1254 antiquiorum
784 1178 912 1251 vestigia
928 1180 1068 1253 pressisse
1085 1178 1188 1236 merito

98 1267 161 1321 iam
174 1261 246 1321 inde
260 1261 382 1338 colligas
391 1259 470 1340 quod
485 1259 616 1319 eiusdem
630 1261 747 1337 generis
761 1266 866 1337 poetae
875 1261 996 1339 quidam
1009 1260 1132 1321 ‘saecli
1145 1263 1189 1318 in-

99 1347 268 1407 commoda'
287 1353 431 1404 vocantur
447 1349 480 1403 in
498 1365 521 1402 c.
535 1345 613 1404 XIV
627 1345 676 1418 23,
694 1347 713 1402 i.
728 1362 753 1403 e.
767 1345 900 1404 homines
913 1349 965 1424 qui
981 1344 1021 1403 ad
1037 1349 1190 1421 ingenium

98 1432 212 1491 saeculi
232 1428 455 1490 accommodare
480 1448 512 1488 se
537 1431 680 1489 nesciunt.
716 1429 768 1488 sed
794 1432 917 1489 certiora
943 1432 1031 1489 etiam
1058 1433 1120 1489 eius
1146 1431 1190 1490 rei

97 1522 219 1596 praesto
247 1523 316 1574 sunt
340 1514 459 1574 indicia.
495 1523 524 1573 et
548 1514 703 1593 Aquinum
728 1513 854 1594 quidem,
880 1516 928 1574 cui
954 1535 1021 1575 cum
1047 1515 1190 1574 Cicerone

98 1604 263 1660 amicitiam
280 1599 372 1659 fuisse
394 1603 510 1672 scimus,
533 1603 566 1658 iu
588 1598 780 1678 exprimenda
801 1608 900 1659 vetere
921 1619 1059 1660 versuum
1080 1600 1190 1659 facien-

99 1687 205 1746 dorum
227 1692 290 1744 arte
312 1685 499 1764 adquievisse
519 1702 572 1762 per
594 1703 626 1743 se
646 1684 838 1760 intellegitur.
878 1684 1032 1744 Suffenum
1055 1683 1189 1744 Catullus

99 1793 127 1831 c.
140 1771 237 1830 XXII
252 1771 292 1828 14
305 1773 338 1829 in
349 1773 492 1848 poematis
509 1769 638 1828 infaceto
657 1787 720 1829 esse
736 1769 940 1830 infaustiorem
952 1789 1020 1829 rure
1032 1773 1084 1843 ait,
1102 1791 1191 1849 quam

100 1855 222 1936 quidem
234 1855 491 1933 reprehensionem
504 1875 565 1912 non
582 1854 621 1912 ad
634 1856 839 1914 tractationem
851 1873 958 1928 rerum,
977 1854 1029 1914 sed
1042 1855 1081 1914 ad
1094 1856 1190 1915 elocu-

98 1945 191 2000 tionis
209 1959 302 2017 genus
320 1948 349 2000 et
365 1958 501 1999 numeros
518 1942 666 2018 pertinere
681 1937 770 1998 facile
788 1940 846 1998 sibi
863 1939 1053 2018 persuadebit
1064 1945 1117 2020 qui
1130 1941 1189 2000 loci

99 2026 236 2085 Tulliani
250 2046 339 2104 supra
353 2024 469 2083 anobis
484 2027 566 2082 citati
584 2027 757 2098 meminerit,
776 2044 834 2102 quo
843 2033 948 2102 poetae
961 2028 1033 2084 novi
1047 2045 1061 2084 s
1074 2027 1190 2084 litterae

99 2111 201 2170 finalis
227 2129 379 2190 apocopen
404 2109 507 2185 fugere
534 2108 673 2168 dicuntur
698 2116 731 2166 ut
761 2109 1013 2183 subrusticam3
1046 2112 1094 2168 eui
1123 2109 1189 2169 loco

99 2196 183 2256 haud
199 2197 299 2274 inepte
317 2195 441 2254 alterum
458 2194 649 2270 adiungimus
666 2193 813 2252 Prisciani
835 2212 873 2253 ex
894 2194 970 2254 libro
988 2195 1012 2266 I,
1030 2214 1058 2273 p.
1078 2195 1117 2253 27
1135 2195 1188 2268 H.,

99 2285 154 2360 qui
179 2287 336 2359 postquam
363 2299 431 2338 cum
456 2278 517 2337 alia
542 2285 659 2338 vetusta
684 2289 748 2339 tum
773 2279 953 2338 Lucretiana
979 2279 1031 2338 illa
1058 2282 1134 2353 fretu
1160 2287 1190 2340 et

98 2367 257 2425 Acheronte
278 2365 386 2438 attulit,
409 2363 499 2443 ‘quae
521 2363 643 2437 tamen‘,
666 2366 771 2444 inquit,
795 2364 828 2423 ‘a
848 2364 1012 2424 iunioribus
1034 2364 1190 2444 repudiata

100 2458 180 2524 sunt,
199 2453 284 2530 quasi
301 2452 436 2510 rustico
458 2468 539 2509 more
557 2448 657 2508 dieta'.
692 2457 781 2529 atque
799 2457 989 2529 opponuntur
1004 2452 1037 2509 in
1053 2452 1110 2509 isto
1129 2471 1190 2510 ear-

100 2538 182 2596 mine
199 2535 271 2596 mali
288 2554 390 2594 versus
408 2535 536 2594 hominis
558 2535 719 2594 urbanitati
741 2539 804 2595 eius
820 2555 993 2615 morumque
1015 2535 1189 2613 elegantiae.

101 2620 178 2681 conf.
197 2623 286 2681 etiam
303 2621 408 2679 Horat.
426 2623 509 2699 epist.
528 2621 561 2679 H
576 2623 592 2677 1
610 2621 680 2679 160.
707 2620 810 2680 eadem
828 2622 897 2695 fere,
917 2624 1042 2701 quaein
1059 2621 1190 2695 Suffeno,

102 2705 237 2765 Catullus
250 2704 494 2784 reprehendenda
506 2706 564 2764 sibi
578 2724 641 2765 esse
653 2708 771 2784 putavit
781 2708 814 2764 in
822 2706 955 2779 Volusio,
970 2709 1053 2766 cuius
1067 2707 1189 2767 annales

101 2791 197 2870 ‘pleni
223 2793 298 2850 ruris
325 2798 355 2849 et
379 2790 588 2849 inficetiarum'
616 2789 755 2850 dicamur
780 2792 812 2849 in
839 2811 862 2850 c
884 2790 1027 2852 XXXVI
1051 2793 1099 2849 19.
1134 2811 1190 2850 nec

100 2877 230 2936 dubitari
253 2882 348 2953 potest
365 2877 439 2954 quin
461 2875 509 2934 hic
530 2874 658 2954 quidem,
680 2897 745 2936 cum
768 2895 815 2934 res
836 2877 988 2936 Romanas
1009 2876 1106 2954 amplo
1128 2895 1190 2934 car-

99 2963 180 3022 mine
206 2962 289 3038 epico
315 2965 466 3031 tractaret,
491 2959 584 3018 Ennii
611 2960 778 3038 exemplum
809 2963 841 3018 in
871 2963 974 3036 primis
1000 2967 1116 3020 secutus
1142 2964 1188 3020 sit.

100 3049 184 3106 cuius
206 3065 280 3122 opus
301 3063 368 3102 cum
390 3045 423 3102 in
443 3045 623 3103 carminibus
644 3043 733 3104 XCV
754 3053 784 3103 et
804 3044 911 3105 XCV*
927 3065 1032 3123 parvo,
1060 3045 1111 3105 sed
1137 3044 1189 3105 diu

100 3131 251 3191 elaborato
270 3129 385 3189 Cinnae
402 3127 512 3207 epyllia
531 3133 710 3188 contrarium
726 3137 862 3208 ponatur,
879 3128 949 3189 inde
967 3149 1084 3209 quoque
1101 3130 1190 3210 quale

99 3217 191 3276 fuerit
211 3216 393 3294 perspicitur,
417 3221 544 3292 suntque
562 3213 621 3274 duo
643 3217 700 3273 ista
722 3216 944 3292 epigrammata,
966 3233 1042 3294 quae
1060 3236 1189 3294 quonam

100 3310 232 3379 tempore
250 3302 359 3378 scripta
375 3307 474 3358 essent
492 3306 521 3357 et
538 3319 627 3378 quam
644 3301 722 3358 inter
739 3318 771 3358 se
786 3301 931 3359 rationem
944 3300 1088 3360 haberent
1101 3321 1190 3380 supra

102 3386 378 3456 demonstravimus,
405 3392 595 3443 monumenta
622 3386 789 3445 certaminis
815 3387 893 3444 inter
913 3404 1006 3444 novos
1031 3393 1133 3465 poetas
1160 3395 1190 3447 et

100 3478 233 3532 veterum
259 3472 420 3530 imitatores
441 3476 546 3529 notatu
568 3469 750 3546 dignissima.
784 3472 893 3530 mirum
914 3478 958 3530 est
980 3477 1079 3530 autem
1100 3492 1189 3550 quam

102 3564 235 3616 accurate
250 3555 384 3616 Catullus
401 3558 433 3614 in
452 3555 642 3614 aestimandis
658 3555 772 3614 duobus
785 3554 846 3615 illis
858 3557 961 3634 poetis,
979 3558 1074 3615 amico
1088 3557 1189 3631 altero,

102 3643 192 3701 altero
210 3640 388 3714 adversario,
412 3642 564 3699 notissima
582 3639 727 3719 quaedam
745 3639 920 3700 Callimachi
941 3640 1054 3700 iudicia
1071 3661 1189 3719 expres-

103 3729 179 3786 serit
214 3747 283 3786 nam
311 3746 377 3785 cum
402 3745 495 3804 parva
518 3725 634 3787 Cinnae
658 3733 849 3787 monumenta
869 3727 927 3785 sibi
953 3725 1035 3785 cordi
1060 3745 1132 3798 esse,
1159 3735 1190 3785 at

102 3811 241 3890 populum
258 3811 370 3870 tumido
387 3811 565 3870 Antimacho
587 3811 717 3887 gaudere
738 3811 828 3885 iubet,
851 3812 917 3914 quis
939 3830 1007 3870 eum
1028 3831 1089 3870 non
1106 3811 1190 3872 videt

101 3906 251 3999 tamquam
273 3897 440 3956 Romamn
462 3895 676 3956 Callimachum
697 3896 750 3954 illa
771 3888 805 3955 τὸ
832 3891 905 3974 μέγα
930 3889 1079 3997 βιβλίον
1064 3915 1125 3955 roos
1147 3917 1190 3998 uqi

101 3977 217 4060 μεγάλῳ
238 3981 320 4054 κακῷ
342 3989 373 4041 et
392 3976 527 4058 σικχαίνω
548 3999 647 4040 uarro
668 3973 705 4041 rol
735 3976 860 4057 δημόσια
882 3987 912 4040 et
932 3975 1018 4057 Λύδη
1041 3973 1090 4040 καὶ
1112 3976 1188 4058 παχὺ

102 4061 222 4145 γράμμα
237 4059 283 4126 καὶ
298 4059 332 4125 od
345 4061 432 4142 sooria
446 4069 478 4125 in
490 4085 552 4126 rem
566 4087 649 4126 suam
663 4065 853 4127 convertere?
871 4074 900 4126 et
888 4066 1061 4126 tintellexit
1073 4067 1188 4146 pridem

101 4152 263 4213 Merkelius
290 4151 329 4211 ad
354 4152 424 4212 Ibin
448 4172 478 4231 p.
505 4153 580 4226 366,
612 4153 667 4215 etsi
692 4169 764 4211 vera
790 4151 871 4211 falsis
897 4153 1021 4212 miscuit.
1062 4159 1189 4213 ceterum
