2968 4990
283 323 372 364 cml
670 319 849 363 Annorum
872 319 996 362 cumen

284 459 355 500 nem
372 440 519 498 immerito
536 437 670 499 defendit
683 437 833 516 Sydovius
850 460 879 518 p.
890 440 940 496 49.
954 470 997 480 -
1013 439 1074 497 178
1091 439 1287 496 Idorneneosne
1300 439 1391 498 Itnl'n
1467 490 1468 504 ,

287 527 405 583 Idoneos
423 543 457 582 ne
470 521 497 584 Ο
512 523 631 602 aliique.
674 525 800 582 Ydoneos
817 544 851 582 ne
868 543 936 583 sscr.
950 524 1095 582 Idrnoneos
1109 523 1147 584 G.
1181 524 1392 582 Idomenensne

286 610 497 669 Lachmannus
519 609 559 667 ad
575 608 692 668 Lucrot.
710 629 740 686 p.
760 611 828 682 192,
850 628 938 689 quern
956 608 1107 687 Hauptius
1129 618 1246 668 secutus
1264 617 1320 668 eet.
1339 642 1392 650 —

282 717 306 752 »a
323 693 517 772 (coniunctim
539 696 679 773 scriptum
702 713 769 752 cum
790 712 863 753 voce
884 712 961 772 quae
982 689 1127 772 sequitur)
1145 694 1181 754 V.
1220 695 1257 750 11
1273 694 1392 774 Haup-

287 783 355 839 tius.
377 810 420 821 -
444 780 505 838 179
523 779 667 838 Italorum
689 780 859 837 coniectura
881 781 1025 836 discedens
1048 799 1101 857 pro
1127 781 1287 836 discernens
1313 799 1390 838 cum

286 865 422 943 Hauptio
443 864 568 941 probata
589 865 632 922 ita
653 862 690 922 ab
709 866 771 924 eius
794 863 924 924 editione
944 865 1053 924 recessi
1073 870 1108 922 ut
1128 871 1159 923 et
1179 866 1263 939 ponti
1282 883 1326 923 ex
1345 864 1386 936 Ο,

283 969 415 1029 quocum
431 948 608 1008 Dresdonsis
625 947 705 1021 facit,
724 969 777 1027 pro
795 948 975 1027 reliquorum
992 947 1127 1007 codicum
1145 951 1291 1027 scriptura
1307 969 1387 1024 pon·

285 1045 345 1092 tam
362 1032 555 1094 adsciscerem
576 1042 606 1093 et
627 1041 693 1112 post
714 1037 897 1091 truculentam
918 1032 1059 1092 traditam
1076 1033 1114 1092 ab
1136 1035 1272 1093 omnibus
1295 1033 1387 1094 libris

287 1119 424 1178 voculam
438 1121 485 1176 ubi
502 1139 568 1178 cum
581 1118 689 1178 Bernh.
703 1120 814 1178 Pisano
828 1118 970 1188 delerem
989 1117 1027 1178 ds
1040 1119 1123 1178 cuius
1141 1121 1256 1195 origine
1273 1139 1385 1178 verum

286 1203 406 1263 videtur
426 1204 537 1263 vidisse
554 1203 677 1262 Ellisius
699 1206 732 1262 in
754 1203 820 1262 adn.
841 1206 902 1262 crit
920 1235 964 1244 —
982 1204 1043 1262 196
1061 1224 1102 1260 me
1118 1207 1248 1262 miseram
1265 1206 1386 1281 scripsi

286 1308 384 1370 neque
401 1291 481 1348 enim
498 1288 559 1348 ullo
577 1288 664 1348 modo
683 1296 779 1367 potest
791 1288 920 1348 dubitari
933 1291 1006 1367 quin
1020 1287 1146 1349 Ovidius
1159 1287 1227 1347 fast.
1240 1289 1291 1347 III
1306 1290 1384 1362 486,

286 1395 354 1434 cum
372 1373 537 1433 Ariadnam
555 1376 597 1433 sic
618 1381 789 1453 querentem
807 1373 925 1444 faceret,
948 1395 990 1430 me
1007 1375 1144 1445 miseram,
1167 1378 1293 1448 quotiens
1312 1375 1385 1432 haec

288 1480 336 1535 epo
362 1461 447 1517 verta
472 1462 574 1534 loquar
582 1451 607 1530 1,
639 1479 751 1517 morem
776 1456 1048 1518 Alexandrinorum
1078 1467 1230 1537 poetarum
1257 1468 1383 1520 secutus

282 1543 378 1620 (conf.
396 1544 547 1604 Diltheius
565 1542 602 1604 de
621 1542 737 1602 Gallim.
756 1542 896 1622 Cydippe
912 1563 941 1621 p.
961 1541 1035 1618 109)
1058 1541 1156 1602 locum
1176 1543 1258 1602 hunc
1276 1543 1383 1604 Catul-

285 1631 401 1690 lianum
422 1628 590 1704 significare
611 1628 747 1700 volucrit,
770 1627 1017 1706 quemadmodum
1038 1628 1140 1707 paullo
1162 1636 1231 1688 ante
1254 1626 1295 1705 (v.
1316 1631 1382 1688 473

284 1722 318 1775 et
335 1710 411 1790 475)
433 1713 565 1774 eiusdem
593 1712 696 1791 epyllii
721 1733 749 1770 v.
770 1715 877 1772 13211.
900 1715 1046 1772 111431.
1073 1712 1231 1773 lectoribus
1258 1716 1321 1773 suis
1350 1717 1383 1774 in

287 1807 417 1859 mentem
433 1800 592 1858 revocavit
628 1797 705 1857 conf.
722 1798 873 1876 Hauptius
891 1817 990 1876 opusc.
1008 1798 1043 1857 Il
1064 1799 1135 1858 711.
1169 1819 1203 1856 11
1219 1801 1325 1856 vuisera
1343 1801 1382 1860 V.

285 1906 339 1943 oce
364 1887 481 1942 miserae
506 1903 544 1943 ex
569 1883 599 1941 D
625 1882 835 1943 Lachmannus
861 1883 1079 1962 Hauptiusque,
1105 1882 1186 1963 quod
1212 1904 1285 1943 num
1307 1883 1383 1944 ferri

283 1971 406 2030 omnino
424 1971 516 2050 possit
532 1989 594 2028 non
611 1968 712 2027 addito
730 1969 795 2026 miti
811 1970 985 2047 pronomine
1001 1967 1192 2028 vehementer
1209 1967 1323 2028 dubito.
1337 2002 1383 2011 -

288 2055 349 2114 205
373 2074 426 2130 qao
448 2065 521 2112 motu
543 2054 684 2132 Heysius.
722 2050 805 2129 'quom
827 2064 892 2111 tanc
909 2054 946 2113 V.
986 2072 1039 2129 qno
1063 2063 1127 2110 tnnc
1145 2064 1170 2111 et
1188 2053 1258 2112 olim
1275 2053 1380 2131 vulgo,

286 2151 317 2200 et
342 2143 386 2200 ita
409 2139 629 2210 Lachmannus,
656 2139 817 2217 Hauptius.
841 2169 885 2180 -
912 2140 973 2196 231
999 2148 1143 2196 antnrmae
1168 2139 1380 2212 Baehrensius,

282 2246 376 2306 quam
398 2224 522 2284 formam
544 2227 577 2283 in
593 2224 622 2283 V
640 2243 658 2282 a
678 2226 776 2303 prima
795 2243 887 2282 manu
909 2225 1048 2301 scriptam
1069 2223 1162 2283 fuisse
1178 2243 1217 2284 ex
1234 2223 1383 2303 deprava-

286 2314 368 2369 tione
399 2312 431 2369 in
462 2308 489 2369 0
520 2318 551 2368 et
580 2308 609 2368 G
640 2311 799 2388 conspicua
828 2308 947 2368 videtur
971 2308 1073 2386 colligi
1098 2327 1192 2387 posse.
1240 2320 1383 2368 aetarnae

285 2395 395 2473 reliqui
420 2393 556 2454 editores.
581 2424 625 2434 —
651 2395 712 2452 237
736 2396 905 2468 adpnoscam
926 2411 991 2470 ego.
1035 2413 1185 2467 apnosacm
1206 2394 1245 2467 V,
1272 2395 1384 2475 Haup-

287 2482 415 2538 1111-
439 2480 499 2536 249
519 2489 575 2536 tam
592 2489 782 2554 prospectans
804 2499 872 2538 cum
893 2487 993 2538 vetere
1015 2488 1176 2539 correctore
1194 2479 1381 2540 Schwabius.
1472 2479 1473 2498 ¹

283 2577 379 2624 tamen
404 2573 593 2639 prospectans
617 2563 656 2623 V.
716 2574 806 2621 tamen
837 2575 987 2640 aspectans
1017 2563 1046 2623 G
1077 2584 1096 2622 a
1126 2584 1218 2623 manu
1246 2564 1382 2624 secunda

283 2670 355 2710 cum
376 2648 499 2727 reliquis
521 2647 678 2727 plerisque,
700 2648 919 2722 Lachmannus,
946 2649 1098 2726 Hauptius
1126 2646 1197 2723 (nisi
1223 2649 1303 2728 quod
1330 2651 1382 2710 hic

285 2732 478 2812 adspectans).
497 2765 539 2775 -
557 2734 619 2792 270
633 2737 769 2808 proclivis
785 2734 983 2794 Baehrensius
1002 2753 1039 2793 ex
1052 2733 1089 2807 Ο,
1108 2737 1159 2813 qui
1176 2738 1309 2810 proctivit
1329 2755 1382 2796 ex-

286 2821 376 2894 hibet,
404 2819 457 2880 sed
481 2821 523 2878 ita
548 2826 582 2877 ut
609 2819 714 2877 ultima
738 2818 838 2878 littera
864 2827 1013 2897 expuncta
1035 2839 1049 2876 s
1076 2822 1304 2898 superscriptum
1333 2823 1381 2881 sit.

281 2909 430 2982 proclivas
451 2904 559 2984 reliqui
580 2904 658 2977 libri,
681 2904 841 2983 Hauptius.
863 2936 906 2946 -
928 2905 988 2962 271
1012 2923 1116 2963 versus
1136 2903 1268 2963 difficilis
1291 2906 1381 2966 intel·

286 2991 373 3064 lectu,
399 2992 462 3050 sive
479 2992 530 3048 snb
548 2993 643 3048 limina
660 2992 724 3049 sive
741 2990 791 3047 111
809 2992 913 3048 turnino
930 2989 1056 3066 legimus
1074 2986 1215 3064 (sublimia
1232 2987 1273 3063 V)
1291 2991 1382 3050 mihi·

282 3095 345 3156 que
371 3095 437 3135 eam
461 3093 581 3154 quoque
607 3073 645 3134 oh
675 3093 795 3133 causam
824 3082 976 3152 suspectus
1003 3077 1074 3153 qnia
1105 3092 1278 3154 praegressa
1302 3096 1381 3136 voce

286 3164 419 3219 matutino
437 3159 515 3219 nihil
531 3161 602 3219 novi
619 3163 783 3220 sententiae
800 3157 910 3218 addere
923 3159 1049 3218 videtur.
1067 3191 1111 3201 -
1128 3161 1189 3220 273
1207 3163 1283 3218 tenes
1300 3181 1381 3219 reso·

282 3255 355 3303 nant
373 3247 484 3322 scripsi.
527 3248 624 3303 leviter
640 3255 742 3302 sonant
761 3244 790 3306 G
808 3265 874 3302 cum
891 3244 1014 3324 reliquis
1031 3244 1187 3324 plerisque
1227 3248 1382 3320 leviterque

284 3339 388 3387 sonant
406 3327 442 3389 Ο.
485 3331 541 3387 leni
557 3340 688 3388 resonant
705 3329 916 3389 Lachmannus
932 3329 1144 3409 Hauptiusque
1161 3349 1178 3390 e
1194 3329 1270 3389 libro
1288 3329 1381 3390 Ouia·

288 3417 381 3473 ciano.
423 3432 526 3472 verum
548 3432 609 3473 non
630 3414 669 3473 ad
686 3415 811 3475 verbum
828 3413 987 3492 plangoris,
1011 3416 1063 3494 qui
1080 3414 1175 3493 qualis
1194 3415 1382 3491 significetur

281 3519 325 3560 ex
342 3519 370 3558 v.
390 3498 451 3556 272
470 3499 541 3555 satis
559 3502 754 3574 cognoscitur,
773 3499 826 3559 sed
843 3498 881 3558 nd
899 3499 1109 3558 cachinnorum
1127 3499 1305 3559 adiectivnm
1323 3501 1381 3559 ali-

281 3584 366 3666 quod
392 3583 567 3664 requirimus
593 3603 652 3662 quo
682 3583 829 3643 undarum
855 3604 942 3643 sonos
970 3585 1108 3644 clementi
1137 3584 1261 3662 zephyri
1291 3586 1381 3645 flatui

284 3669 464 3749 respondere
478 3666 651 3727 declaretur.
681 3676 834 3747 praeterea
850 3672 1058 3728 lenesresonant
1071 3667 1147 3746 (sive
1159 3670 1380 3750 lenioresonant)

285 3757 403 3816 facilius
430 3774 520 3834 quam
546 3755 732 3811 leniresonant
757 3756 790 3812 in
820 3757 916 3813 leviter
941 3764 1042 3813 sonant
1068 3758 1216 3831 corrumpi
1246 3757 1382 3833 potuisse

280 3841 416 3920 adparet.
452 3837 528 3898 conf.
544 3841 676 3914 proeliari
693 3840 726 3899 in
744 3838 771 3899 Ο
789 3841 930 3918 scriptum
947 3860 977 3900 v.
996 3841 1067 3898 270.
1084 3869 1128 3881 -
1145 3840 1206 3898 275
1226 3842 1260 3897 ab
1278 3841 1318 3900 V.
1360 3863 1382 3901 a

282 3925 315 3984 D
334 3925 453 4005 aliique,
470 3924 690 3998 Lachmannus,
708 3924 870 4002 Hauptius.
887 3956 931 3966 —
948 3926 1009 3984 276
1028 3928 1069 3983 111
1086 3935 1143 3983 tam
1158 3924 1237 3983 Itali.
1273 3929 1315 3984 111
1332 3933 1380 3985 11-

286 4032 346 4067 nen
364 4009 399 4070 0.
443 4012 483 4068 111
501 4021 591 4068 tamen
608 4029 677 4069 sscr.
695 4011 745 4068 1111
761 4009 790 4070 G
807 4017 881 4070 teste
900 4009 1046 4070 Bonneto.
1084 4010 1238 4069 11111111)
1256 4010 1380 4090 aliique.

284 4094 366 4155 uude
384 4098 424 4153 111
442 4096 654 4176 ibiHauptius.
677 4127 720 4137 —
741 4097 869 4154 vestibuli
889 4096 942 4154 vix
959 4115 1072 4156 sanum
1109 4095 1185 4155 conf.
1204 4115 1233 4154 v.
1251 4097 1325 4156 471.
1348 4105 1385 4158 et
