2968 4990
305 406 403 450 xcvm
735 401 963 446 PROIAEGOIOENA

306 545 375 586 eum
392 527 488 584 aetate
504 524 624 596 vixisse,
647 541 707 602 qua
726 525 890 600 perexigua
907 530 983 583 esset
998 541 1097 584 rernm
1115 523 1154 582 ad
1170 527 1262 584 vitam
1282 523 1411 585 Catulli

305 613 516 690 pertinentium
539 609 645 667 notitia
665 613 925 686 poematorumque
947 611 1010 668 eius
1032 607 1244 685 intellegentia,
1267 628 1309 668 ex
1333 615 1411 690 ipsa

307 695 420 756 ordinis
442 713 542 754 corum
563 694 754 771 perversitate
770 692 920 752 Brunerus
937 713 965 772 p.
984 694 1047 752 610
1064 696 1168 754 merito
1186 694 1316 771 collegit,
1344 716 1409 755 nec

305 779 532 859 inprobabiliter
552 777 631 837 idem
653 775 777 837 fortasse
793 776 876 837 illum
892 777 1031 837 Veronae
1048 778 1140 839 fuisse
1157 782 1325 858 suspicatus
1345 789 1406 853 est,

306 870 390 925 cuius
408 862 512 942 oppidi
528 865 608 922 cives
632 865 721 921 etiam
737 860 836 921 medio
858 861 939 941 quod
956 862 1064 922 dicitur
1081 881 1154 922 aevo
1171 865 1408 943 perpetuandae

305 947 1116 1110 {illitati.{⁰ttttt.t{⁰ttti⁸⁸t..t⁰.ltt
1134 947 1326 1093 pan-eq...
1354 951 1406 1010 aa

570 1076 577 1105 ,
1282 1079 1288 1092 .

370 1120 462 1180 Venit
483 1117 642 1197 disputatio
660 1135 695 1178 eo
712 1125 746 1175 ut
767 1115 805 1176 de
826 1115 910 1176 libris
927 1120 1151 1196 manuscriptis
1169 1137 1222 1196 per
1239 1138 1314 1197 quoe
1335 1139 1404 1178 car·

307 1207 390 1264 mina
407 1202 518 1263 Catulli
539 1199 625 1261 nobis
643 1207 712 1261 sunt
732 1200 842 1261 tradita
859 1219 1017 1282 eorumque
1035 1203 1150 1279 origine
1167 1202 1330 1263 dicendum
1350 1208 1403 1264 sit

305 1294 398 1368 igitur
424 1296 536 1348 certum
561 1293 607 1347 est
636 1285 754 1346 saeculo
784 1285 897 1346 decimo
923 1288 1059 1347 Veronae
1088 1290 1215 1347 iacuisse
1240 1289 1404 1368 exemplar

304 1376 410 1434 homm
428 1377 605 1432 carminum.
649 1389 778 1449 namque
811 1391 838 1430 a.
867 1371 927 1429 965
954 1372 1121 1445 Ratberius,
1149 1375 1303 1451 episcopus
1332 1382 1402 1434 tum

304 1461 493 1532 Veronensis,
512 1461 545 1516 in
563 1476 696 1517 sermone
713 1456 751 1515 de
767 1457 864 1516 Maria
881 1464 911 1515 et
927 1456 1046 1516 Martha
1066 1456 1168 1516 habito
1185 1476 1249 1517 sese
1267 1456 1401 1518 Catul-

304 1545 376 1604 lum
397 1562 584 1621 numquam
605 1549 710 1600 antea
730 1541 858 1601 lectum
880 1540 980 1618 legere
1002 1541 1164 1602 confitetur.
1199 1541 1261 1602 vid.
1279 1543 1399 1620 Mignii

305 1628 447 1710 patrolog.
466 1626 565 1685 Latin.
583 1633 605 1684 t.
623 1626 797 1698 CXXXVI,
819 1625 872 1686 ubi
889 1625 1023 1686 Ratberii
1040 1645 1129 1705 opera
1150 1626 1315 1687 secundum
1335 1629 1399 1688 edi-

304 1719 416 1773 tionem
433 1714 634 1773 Veroneneem
654 1730 674 1768 a
695 1709 835 1769 fratribus
853 1709 1022 1770 Balleriniis
1045 1720 1176 1771 curatam
1194 1711 1292 1772 denuo
1309 1717 1399 1793 typis

306 1801 439 1876 exeripta
460 1803 570 1869 extant,
592 1815 621 1874 p.
642 1795 712 1869 752,
735 1803 765 1854 et
787 1794 825 1855 de
841 1802 971 1874 tempore
988 1796 1069 1856 illius
1086 1800 1228 1856 sermonis
1245 1796 1399 1858 Albrech-

304 1892 368 1942 tum
389 1881 548 1958 Vogelium
568 1884 602 1939 in
624 1880 694 1940 libri
715 1879 753 1940 de
769 1879 908 1940 Ratherio
929 1882 1022 1941 Ienae
1039 1901 1066 1940 a.
1086 1882 1168 1940 1854
1192 1881 1265 1941 editi
1287 1883 1351 1944 vol.
1370 1885 1396 1957 I,

304 1989 333 2047 p.
353 1969 461 2028 317ss.
480 1973 510 2026 et
525 1967 568 2038 H,
590 1986 619 2045 p.
638 1967 678 2025 87
688 1985 725 2025 es.
760 1983 857 2044 neque
873 1964 934 2024 ullo
951 1964 1040 2025 modo
1056 1973 1152 2045 potest
1169 1965 1300 2026 dubitari
1318 1972 1396 2047 quin

303 2053 461 2114 Ratherius
488 2051 619 2112 codicem
643 2058 749 2130 poetae
774 2049 833 2110 sibi
857 2049 945 2109 adid
970 2053 1066 2128 ignoti
1090 2055 1124 2111 in
1150 2052 1215 2130 ipsa
1241 2071 1296 2111 sua
1322 2053 1396 2113 sede

304 2137 464 2218 episcopali
488 2139 658 2215 reppererit.
700 2156 769 2195 nam
795 2138 847 2215 qui
873 2135 938 2195 fieri
962 2139 1094 2214 potuisse
1120 2138 1236 2214 opinati
1260 2145 1334 2196 sunt
1360 2146 1395 2198 ut

304 2243 371 2284 eum
384 2242 401 2282 e
415 2221 515 2282 Gallia
527 2221 577 2281 vel
589 2219 711 2281 aliunde
724 2239 823 2280 secum
831 2220 980 2280 Veronam
993 2228 1124 2298 portaret
1138 2219 1227 2298 (conf.
1237 2221 1394 2300 Hauptius

305 2328 401 2388 opusc.
419 2308 445 2380 I,
463 2328 491 2386 p.
511 2310 562 2366 2s.
580 2305 703 2365 Ellisius
720 2305 879 2384 prolegom.
898 2305 966 2365 edit.
985 2305 1105 2366 alteriue
1122 2327 1150 2384 p.
1168 2305 1252 2380 VII),
1275 2310 1339 2366 iam
1358 2327 1394 2368 eo

303 2393 479 2453 refelluntur
496 2389 585 2471 quod,
603 2411 670 2450 cum
686 2391 844 2450 Ratherius
864 2389 935 2450 iude
956 2390 993 2450 ab
1017 2411 1096 2450 anno
1115 2392 1173 2449 961
1194 2396 1316 2451 exeunti
1333 2399 1394 2453 ter-
1476 2433 1477 2454 t

303 2481 378 2536 tium
404 2483 480 2536 esset
507 2479 661 2553 episcopus
683 2476 871 2548 Veronensis,
900 2475 1128 2555 quadriennium
1149 2477 1287 2537 Veronae
1312 2497 1393 2537 com-

303 2569 432 2621 moratus
459 2559 556 2618 dicere
581 2561 696 2640 nequiit
722 2559 870 2619 Catullum
896 2580 1058 2640 numquam
1083 2568 1171 2620 antea
1196 2560 1254 2621 sibi
1279 2561 1392 2623 lectum

304 2665 376 2719 esse,
401 2653 435 2705 ut
450 2652 530 2705 recte
552 2643 705 2703 adnotavit
721 2643 901 2721 Vogeliuel
921 2665 945 2704 c.
962 2646 988 2718 Ι,
1004 2665 1034 2724 p.
1053 2647 1123 2705 319.
1159 2653 1248 2726 atque
1265 2652 1393 2726 opponit

302 2731 462 2792 Ratherius
480 2728 629 2790 Catullum
646 2729 754 2788 Plauto
775 2732 837 2788 iam
855 2729 924 2789 olim
940 2731 1026 2790 lecto.
1061 2730 1114 2790 sed
1130 2739 1197 2810 post
1212 2731 1391 2793 Ratberium

303 2815 432 2896 exempli
451 2812 613 2875 Catulliani
629 2832 684 2893 per
699 2822 844 2874 trecentos
861 2814 988 2894 amplius
1005 2835 1099 2876 annos
1116 2814 1200 2874 nulla
1216 2816 1250 2874 fit
1265 2822 1390 2878 mentio.

302 2921 399 2981 neque
420 2903 484 2960 veri
505 2899 601 2959 simile
623 2907 667 2959 est
684 2900 840 2959 Ieremiam
857 2899 984 2960 iudicem
1001 2900 1038 2959 de
1055 2901 1265 2977 Montagnone,
1291 2905 1390 2962 civem

301 2987 478 3047 Paduanum
499 3006 525 3046 a.
550 2985 641 3057 1300,
667 2991 701 3044 nt
727 2983 862 3056 creditur,
889 2994 1048 3058 mortuum,
1076 2989 1128 3064 qui
1153 2988 1186 3044 in
1212 2987 1389 3065 compendio

301 3071 458 3150 moralium
492 3069 668 3130 notabilium
702 3077 814 3148 septem
847 3068 927 3128 locos
961 3069 1145 3131 Catullianos
1178 3071 1278 3130 attth
1312 3070 1389 3148 (vid.

300 3159 337 3217 R.
354 3157 497 3236 Peiperus
513 3154 608 3216 libelli
627 3154 665 3214 de
682 3154 802 3215 Catullo
819 3153 1018 3214 Vratislaviae
1035 3175 1060 3214 a
1081 3155 1162 3214 1875
1181 3155 1254 3215 editi
1270 3177 1299 3235 p.
1311 3158 1388 3217 20a.

301 3250 331 3300 et
347 3241 471 3301 Ellisins
488 3239 507 3299 l.
522 3261 545 3298 c.
563 3260 592 3319 p.
607 3236 692 3316 Xe),
711 3258 760 3299 cos
778 3257 817 3298 ex
833 3240 949 3315 integro
967 3239 1066 3319 aliquo
1085 3239 1186 3301 codice
1206 3247 1311 3320 poetae
1327 3242 1390 3302 Ve-

300 3329 435 3384 ronensis
456 3325 597 3384 hausisse.
637 3328 727 3384 immo
749 3323 929 3384 Baehrensio
951 3323 1175 3385 adsentiendum
1204 3334 1249 3385 est
1270 3324 1388 3404 proleg.

300 3429 329 3487 p.
347 3408 454 3468 LVIII
471 3412 629 3468 conicienti
650 3408 717 3469 illos
740 3429 756 3469 e
779 3408 924 3485 florilegio
946 3409 1074 3490 quodam
1095 3417 1247 3490 poetarum
1263 3409 1391 3472 Latino·

300 3514 366 3551 rum
384 3491 552 3572 desumptos
570 3511 640 3553 esse.
671 3495 757 3553 initio
775 3502 874 3553 autem
891 3494 1002 3554 saeculi
1019 3497 1117 3574 quarti
1133 3494 1240 3554 decimi
1257 3503 1390 3556 autnon

299 3578 392 3637 multo
410 3585 479 3658 post
489 3577 626 3636 Veronae
642 3597 741 3636 rursus
760 3578 855 3638 codex
872 3583 1033 3639 earmiuum
1048 3578 1159 3640 cocunt
1175 3583 1315 3640 inventus
1333 3590 1388 3641 est.

300 3685 359 3746 qua
385 3662 423 3722 de
449 3681 482 3722 re
504 3666 640 3722 certiores
662 3682 716 3722 nos
742 3661 814 3722 facit
835 3666 1017 3742 epigramma
1043 3664 1164 3725 secundi
1191 3665 1278 3725 huius
1301 3685 1391 3726 casus
1473 3659 1474 3693 l

300 3746 469 3809 celebrandi
493 3767 583 3806 causa
605 3749 797 3826 conpositum,
820 3748 900 3828 quod
922 3769 988 3809 cnm
1006 3768 1059 3829 per
1076 3749 1148 3808 alios
1166 3749 1279 3829 aliquot
1295 3750 1389 3811 libros

300 3833 412 3894 Catulli
438 3842 503 3892 tum
531 3850 584 3912 per
611 3831 897 3908 Sangermanensem
923 3833 1008 3893 nobis
1039 3842 1186 3894 servatum
1213 3842 1275 3907 est,
1302 3839 1390 3915 isque

300 3923 391 3978 etiam
406 3936 510 3978 verum
528 3925 676 3977 auctorem
693 3919 779 3976 istius
796 3921 937 3996 poematii
953 3923 986 3978 in
1004 3922 1106 3999 paucis
1120 3921 1388 3979 recentissimomm

299 4004 434 4064 codicum
446 4007 546 4082 Inepte
555 4001 690 4062 Guariuo
704 4000 838 4061 attributi
852 4002 955 4063 adfert.
979 4003 1069 4064 habet
1078 4007 1157 4064 enim
1167 4007 1199 4062 in
1213 4004 1390 4065 finehaecet
1472 4067 1473 4072 χ

368 4090 475 4147 Versae
492 4090 595 4146 domiai
611 4090 783 4146 Beneoeauti
799 4089 833 4146 de
846 4088 1033 4166 Gampecaais
1050 4091 1085 4148 de
1103 4091 1230 4150 Vtcentiu
1242 4091 1277 4148 de
1294 4111 1391 4150 resur·
1472 4079 1473 4101 ¹

299 4176 417 4232 rectione
434 4172 542 4232 Catulli
553 4183 655 4252 poetae
677 4175 852 4236 Veronensis.
