2968 4990
568 385 796 429 PROLEGOMBNA
1175 388 1229 431 XCI

126 506 267 564 ¹minores
294 502 483 562 difficultates
505 523 524 561 a
549 503 644 563 forma
671 507 799 583 corporis
826 507 990 564 carminum
1015 508 1154 566 universa
1175 527 1228 566 ua-

132 597 269 648 scuntur.
304 591 433 668 primum
456 590 535 648 euim
558 589 776 669 aequabilitatis
798 592 908 648 rationi
930 590 968 648 ah
986 592 1115 671 antiquis
1132 595 1227 670 poetis

131 674 312 734 observatae
329 682 477 753 repugnat
495 693 599 752 corpus
617 694 654 733 ex
672 684 733 733 tam
751 674 917 753 disparibus
939 676 1077 735 membris
1094 679 1228 755 conposi-

131 766 211 831 tum,
240 758 328 838 quale
353 766 397 818 est
423 761 587 818 carminum
610 758 853 833 Catullianorum,
881 760 962 839 quod
987 763 1065 820 inter
1085 781 1227 838 maguum

126 863 296 904 numerum
317 847 531 922 poematiorum
552 845 712 922 lyricorum
734 847 1035 925 epigrammatumque
1058 848 1147 905 etiam
1163 847 1227 906 lon-

131 929 238 1004 giores
255 929 366 1006 elegias
388 937 418 989 et
438 929 619 1007 hymenaeos
640 937 728 1009 atque
750 929 823 989 adeo
849 930 981 1009 epyllion
1003 931 1070 1009 plus
1088 931 1228 1010 quadrin·
1265 978 1267 984 ι

127 1023 298 1090 gauterum
319 1033 459 1074 versuum
482 1014 682 1094 conplectitur.
719 1015 827 1074 deinde
848 1015 977 1074 ambitus
1003 1015 1135 1076 eiusdem
1156 1016 1227 1076 libri

131 1099 232 1158 multo
254 1102 348 1160 maior
372 1107 415 1158 est
437 1099 531 1170 solite,
559 1119 618 1179 qua
646 1098 682 1158 de
703 1118 735 1158 re
756 1107 857 1158 nostra
879 1107 983 1171 aetate,
1010 1109 1167 1180 postquam
1189 1101 1227 1162 de

134 1183 224 1243 libris
250 1192 384 1244 veterum
411 1203 569 1263 eorumque
600 1203 667 1242 cum
692 1183 798 1243 litteris
824 1183 946 1244 Graecis
976 1184 1151 1265 Latinisque
1176 1207 1227 1246 ne·

132 1269 320 1329 cessitudiue
338 1270 519 1328 accuratiora
540 1268 637 1327 edocti
654 1289 762 1342 sumus,
782 1269 980 1328 confidentius
997 1269 1129 1330 iudicare
1146 1271 1225 1331 licet.

134 1357 277 1412 novimus
296 1355 376 1414 enim
392 1353 463 1412 iude
481 1373 519 1412 ex
532 1353 805 1413 Alexandrinorum
820 1354 1001 1433 temporibus
1014 1357 1098 1414 varia
1115 1374 1226 1432 genera

135 1438 283 1498 librorum
310 1458 377 1498 suos
403 1438 541 1498 hahuisse
567 1438 711 1511 modulos,
737 1439 931 1519 brevioraque
956 1447 1110 1517 poetarum
1136 1441 1228 1502 fuisse

128 1523 294 1582 ‘volumina
315 1543 406 1603 quam
427 1528 601 1602 scriptorum
623 1543 727 1602 prosae
745 1527 894 1584 orationis.
930 1532 1019 1603 atque
1035 1524 1090 1583 illa
1107 1525 1227 1605 quidem

134 1628 206 1666 raro
224 1609 352 1687 amplius
369 1609 488 1685 singula
504 1608 599 1667 millia
616 1628 755 1669 versuum
774 1608 1061 1689 conprehendebaut,
1078 1609 1228 1690 longeque

129 1693 267 1772 plurima
294 1696 534 1772 septingenorum
561 1702 590 1753 et
614 1712 818 1771 nongenorum
845 1695 979 1754 terminis
1006 1696 1228 1775 circumscripta

136 1787 231 1837 eraut.
267 1778 344 1838 conf.
361 1779 474 1837 Birtius
491 1778 548 1836 ll
570 1800 599 1858 p.
619 1781 679 1837 289
695 1800 731 1839 ss.
768 1787 871 1838 contra
889 1784 941 1858 qui
963 1777 1001 1838 ad
1019 1799 1073 1839 uos
1090 1785 1228 1859 pervenit

136 1872 244 1942 poetae
261 1864 441 1924 Veronensis
458 1864 535 1924 liber
552 1863 610 1923 duo
623 1865 719 1923 millia
733 1864 874 1925 ducentos
890 1868 1042 1941 octogiuta
1059 1884 1112 1924 sex
1125 1885 1226 1926 versus

138 1951 279 2022 continet,
307 1967 404 2028 neque
425 1952 451 2008 is
477 1968 616 2008 numerus
638 1953 793 2028 pristinam
815 1969 954 2009 versuum
977 1969 1121 2008 summam
1144 1951 1227 2010 adse-

130 2035 248 2112 ·quitur,
267 2033 386 2113 quando
404 2033 461 2092 hoc
475 2054 580 2113 corpus
598 2055 659 2093 nou
676 2053 794 2112 prorsus
807 2038 957 2110 integrum
974 2035 1060 2093 nobis
1078 2043 1227 2094 servatum

130 2126 191 2178 est.
226 2139 296 2178 uam
318 2121 452 2178 carmina
468 2120 502 2178 H
514 2125 529 2153 ⁸
550 2125 580 2178 et
596 2119 675 2178 XIV
688 2125 702 2153 θ
723 2128 752 2178 et
773 2119 847 2178 LIV
864 2122 996 2195 graviter
1018 2127 1155 2178 truncata
1177 2139 1227 2180 ex-

136 2210 212 2277 tant,
234 2222 290 2263 nec
311 2203 418 2262 desunt
439 2202 498 2262 alia
520 2222 597 2283 quae
622 2203 806 2280 singulorum
827 2205 984 2262 autetiam
1011 2203 1141 2282 plurium
1161 2224 1227 2264 ver·

135 2307 225 2347 suum
242 2289 385 2347 iacturam
403 2287 545 2361 feceruut,
568 2309 628 2348 nou
651 2289 792 2369 nullaque
813 2296 927 2348 veteres
951 2287 1089 2348 adferunt
1111 2289 1225 2350 alibro

139 2372 309 2432 Catulliana
327 2393 407 2432 nunc
424 2373 544 2453 quidem
562 2377 682 2433 omuino
700 2373 806 2448 aliena,
828 2373 1021 2453 probabiliter
1038 2381 1137 2433 autem
1155 2375 1226 2434 olim

131 2461 171 2518 'in
193 2477 227 2518 eo
249 2459 333 2531 lecta,
356 2461 434 2518 inter
454 2478 530 2539 quae
552 2461 632 2539 quod
654 2480 673 2518 a
690 2461 788 2518 Plinio
807 2467 985 2519 memoratur
1002 2478 1108 2538 poema
1124 2464 1227 2520 incau-

132 2551 269 2603 tamenta
287 2547 450 2602 amautium
467 2547 632 2605 imitatione
653 2548 822 2625 exprimens
840 2541 957 2622 (fragm.
975 2542 1034 2620 IV)
1052 2565 1112 2605 uon
1128 2554 1227 2624 potest

137 2649 196 2688 nou
216 2648 233 2688 e
248 2629 431 2706 longioribus
453 2629 553 2691 fuisse.
589 2630 694 2710 quodsi
712 2630 847 2692 Catullus
864 2631 938 2690 haec
956 2633 1064 2703 omnia,
1084 2639 1117 2689 nt
1133 2632 1225 2708 vulgo

132 2713 273 2787 creditur,
287 2735 347 2773 uno
361 2715 511 2776 volumine
525 2717 686 2795 conplexus
699 2725 783 2789 esset,
796 2716 906 2775 librum
914 2715 1093 2776 condidisset
1109 2720 1226 2776 usitatis

138 2800 226 2878 triplo
254 2801 370 2859 circiter
394 2804 536 2860 maiorem
562 2804 666 2881 etqui
687 2801 839 2861 volumina
859 2819 965 2880 prosae
991 2802 1131 2859 orationis
1158 2820 1226 2859 eon-

136 2888 264 2954 tinentia
284 2902 382 2963 neque
404 2903 440 2944 ea
460 2906 565 2964 parum
588 2886 687 2965 ampla
702 2885 909 2962 magnitudine
927 2884 1113 2963 adaequaret.
1148 2887 1225 2944 tanti

138 2988 207 3028 vero
229 2965 358 3026 ambitus
380 2969 489 3028 librum
513 2972 602 3029 etiam
624 2975 650 3030 si
671 2981 788 3049 praeter
808 2989 920 3028 morem
938 2976 968 3028 et
985 2987 1056 3027 suae
1073 2972 1177 3029 aetatis
1195 2979 1225 3029 et

137 3053 321 3114 saeculorum
342 3057 479 3131 proxime
500 3053 739 3115 antecedentium
757 3054 844 3114 edere
866 3055 1042 3113 instituisset
1057 3061 1153 3132 poeta,
1171 3057 1225 3114 vix

139 3157 206 3198 eum
226 3141 323 3217 potuit
344 3138 464 3196 libelli
486 3143 606 3199 nomina
627 3148 738 3213 notare,
765 3160 822 3219 quo
844 3137 891 3197 bis
916 3142 951 3196 in
976 3141 1072 3216 primo
1094 3143 1224 3200 carmine

138 3243 207 3282 usus
226 3230 278 3296 est,
301 3243 390 3303 quam
412 3223 532 3301 quidem
554 3224 783 3304 adpellaticnem
801 3245 819 3282 a
836 3223 988 3282 volumine
1008 3221 1146 3283 insolitae
1163 3245 1224 3285 ma-

140 3308 303 3386 gnitudinis
325 3309 531 3367 abhorrentem
552 3328 608 3370 nec
625 3309 756 3369 modesto
778 3313 900 3368 istorum
922 3307 1134 3368 versiculorum
1152 3330 1223 3372 sono

139 3413 192 3454 nec
210 3393 460 3453 deminutivorum
473 3412 572 3453 amore
585 3394 696 3454 Catulli
714 3402 782 3473 apte
799 3393 972 3452 defenderas
989 3401 1042 3458 aut
1058 3413 1223 3456 excusares.

139 3487 267 3538 ceterum
285 3498 320 3538 ea
337 3497 410 3537 voce
427 3483 585 3558 praecipue
604 3488 808 3559 poematorum
829 3479 899 3538 libri
917 3479 954 3538 ob
975 3478 1009 3537 id
1029 3482 1126 3558 ipsum
1144 3481 1225 3559 quod

138 3567 252 3625 minore
266 3563 384 3623 modulo
399 3564 632 3624 conficiebantur
650 3564 799 3641 designari
817 3564 958 3636 solebant,
977 3564 1224 3643 quemadmodum

133 3653 202 3727 ipse
220 3648 356 3708 Catullus
377 3652 411 3707 iu
434 3669 457 3708 c.
475 3649 554 3710 XIV
573 3653 612 3708 12
636 3652 816 3709 coniunctim
833 3649 914 3710 edita
934 3650 1079 3707 malorum
1097 3670 1224 3728 quorun·

142 3734 206 3792 dam
228 3742 382 3813 poetarum
401 3734 543 3812 opuscula
564 3735 772 3795 Saturnalibus
793 3756 812 3794 a
829 3733 924 3795 Calvo
945 3735 1003 3793 sibi
1025 3733 1102 3791 dono
1125 3736 1222 3809 missa,

139 3821 158 3876 i.
175 3839 199 3878 e.
218 3818 421 3896 anthologiam
438 3818 586 3899 quandam
604 3824 767 3879 carminum
785 3821 969 3891 Latinorum,
993 3817 1177 3877 ‘horribilem
1195 3828 1224 3880 et

143 3923 254 3963 sacrum
273 3904 420 3964 libellum'
439 3907 564 3964 vocavit.
591 3906 678 3984 plura
692 3909 755 3965 eius
768 3925 838 3964 usus
852 3904 987 3982 exempla
1000 3903 1100 3961 attulit
1112 3905 1224 3964 Birtius

142 4009 167 4066 p.
186 3991 224 4048 22
236 4010 258 4049 s.
295 3989 429 4050 libellum
448 3997 546 4050 autern
562 3991 674 4069 Nepoti
691 3989 822 4049 dicatum
839 3991 954 4048 usitatis
971 3995 1124 4067 poetarum
1142 3989 1225 4048 volu-

142 4075 267 4133 minibus
285 4095 346 4134 non
363 4078 505 4134 maiorem
523 4074 614 4135 fuisse
632 4075 702 4134 inde
719 4094 836 4155 quoque
854 4075 981 4133 efficitur
994 4072 1074 4152 quod
1088 4074 1223 4134 Catullus

141 4177 205 4220 enm
228 4159 386 4240 ‘lepidum'
410 4159 494 4234 dixit,
518 4180 607 4240 quam
628 4180 733 4220 vocem
755 4159 830 4220 falso
852 4180 912 4219 non
934 4159 1010 4218 nulli
1028 4165 1057 4218 et
1077 4162 1223 4221 intereos
