2968 4990
490 388 669 432 Annorum
691 388 833 432 cmr10n·.
1125 389 1199 432 cm

99 511 152 568 sit.
168 538 214 549 —
232 507 272 565 64
290 511 410 566 velatum
432 506 504 568 ferri
526 527 611 587 posse
633 528 694 567 non
715 507 847 568 adducor
868 516 902 568 ut
923 507 1049 569 credam
1083 508 1201 568 nullam

98 591 306 675 persuadendi
329 596 392 652 vim
414 592 504 652 habet
521 595 559 651 A.
577 593 671 652 Biesii
687 595 720 651 in
737 613 810 652 mus.
827 593 923 652 Rhem
941 593 1084 654 XXXVI
1102 595 1163 653 323
1175 614 1200 653 s.

100 679 277 758 disputatio.
321 681 422 757 itaque
440 697 557 737 crucem
578 677 710 755 adposui.
759 676 832 757 quid
848 687 947 738 autem
964 699 983 738 a
1000 680 1204 738 concinnitate

100 763 168 823 fere
190 765 356 842 requiratur
379 762 463 822 docet
486 764 558 821 flavi
580 764 699 822 verticis
722 771 752 822 ct
773 763 946 823 lactentium
967 763 1145 842 papillarum
1166 767 1202 822 in

101 850 215 906 vicinis
232 848 367 906 versibus
386 850 630 907 commemoratio.
648 879 691 890 -—-
710 849 747 905 71
768 869 787 906 a
804 848 919 909 codices
933 849 1026 908 Nonii
1042 869 1071 928 p.
1087 848 1147 906 108
1157 849 1199 907 Μ.

103 935 145 990 ba
162 931 198 993 0.
235 934 271 990 ab
289 932 326 1005 G,
345 941 375 992 et
392 934 434 992 sic
447 934 605 1013 Hauptius.
620 963 661 973 -
677 933 738 991 100
757 953 840 1007 quam
857 945 913 991 tum
926 933 1068 993 Faernus.
1096 944 1203 1008 precato·

103 1017 234 1091 codices,
257 1024 286 1076 et
307 1019 351 1076 ita
368 1017 526 1095 Hauptius.
562 1016 638 1077 conf.
656 1017 836 1076 Ritschelius
859 1038 957 1098 opusc.
975 1019 1027 1078 III
1045 1019 1107 1077 594
1116 1037 1139 1076 s.
1156 1049 1200 1060 ·-

100 1105 215 1176 Jbloore
237 1100 418 1161 Ritschelius
440 1102 558 1161 ibidem.
599 1103 675 1162 conf.
698 1102 727 1161 S.
745 1103 880 1180 Buggius
903 1104 1001 1162 annal
1023 1102 1126 1182 philol.
1145 1103 1205 1163 CV

105 1189 158 1246 98.
197 1190 308 1261 scalpere
325 1187 363 1259 V,
386 1187 545 1267 Hauptius.
569 1217 611 1228 —
635 1189 695 1245 107
714 1189 862 1245 indomitus
880 1191 959 1246 turbo
978 1189 1014 1262 V,
1038 1188 1117 1268 quod
1138 1190 1200 1248 iam·

103 1271 261 1332 Vahlcnus
279 1271 405 1332 reduxit.
442 1275 600 1330 indomitum
617 1274 715 1329 turben
728 1273 879 1351 Hauptius
895 1291 911 1332 e
926 1276 1094 1332 coniectura
1105 1272 1215 1352 Spen-¹

103 1357 189 1434 gelii,
212 1375 289 1436 quae
311 1359 342 1415 in
361 1356 451 1416 dubio
471 1357 569 1418 Servii
586 1355 625 1415 ad
642 1357 753 1434 Vergil.
771 1358 849 1418 Aen.
868 1357 931 1417 VII
950 1359 1010 1416 378
1029 1359 1203 1417 testimonio

104 1449 137 1500 et
154 1460 249 1521 aeque
267 1441 358 1500 dubia
381 1441 450 1500 libri
467 1443 496 1501 D
515 1445 661 1521 scriptura
682 1445 841 1500 indomitam
858 1445 970 1501 nititur.
1007 1443 1083 1503 conf.
1103 1439 1202 1521 Sydo-

103 1528 175 1584 vius
194 1527 231 1586 de
243 1545 353 1586 recens.
381 1526 446 1586 Cat.
462 1530 583 1586 carmin.
600 1528 639 1585 73
649 1547 671 1586 s.
686 1558 729 1568 —
749 1529 809 1586 108
823 1530 959 1586 radicitus
972 1528 1009 1588 V.
1038 1527 1114 1587 conf.
1126 1529 1196 1586 288.

104 1613 249 1670 radicibus
267 1629 286 1678 ς
302 1631 363 1671 non
380 1611 463 1684 nulli,
480 1612 700 1684 Lachmannus,
718 1612 877 1691 Hauptius.
891 1644 934 1655 -
947 1613 1007 1671 135
1027 1634 1045 1670 a
1057 1613 1093 1673 L.
1102 1613 1201 1674 Muel-

104 1697 194 1756 lorus.
238 1697 276 1753 ba
292 1694 328 1756 0.
369 1698 405 1754 ab
422 1696 460 1768 G,
488 1701 581 1756 etita
603 1697 763 1776 Hauptius.
782 1728 825 1738 —
844 1697 903 1756 139
927 1700 1032 1756 blanda
1049 1696 1076 1758 0
1095 1719 1161 1758 oum
1179 1717 1203 1764 ς·

104 1784 219 1860 paucis,
237 1779 374 1860 idemque
391 1783 423 1840 in
436 1785 570 1858 margine
583 1781 764 1860 adscriptum
781 1782 872 1842 habet
883 1783 918 1840 L.
950 1790 980 1843 et
992 1783 1116 1860 vulgata
1134 1792 1204 1843 erat.

105 1867 182 1925 haec
208 1869 353 1945 scriptura
378 1868 410 1924 in
436 1867 616 1926 editionibus
643 1877 712 1926 ante
738 1866 930 1944 scaligerum.
974 1867 1103 1928 cobisG
1130 1889 1199 1928 cunr

105 1951 238 2030 reliquis.
275 1970 354 2031 quas
376 1950 464 2010 lectio
480 1951 682 2024 Lachmanno,
705 1951 848 2030 Hauptio,
871 1951 1016 2026 Vahleno,
1040 1953 1106 2012 aliis
1129 1973 1197 2031 pro·

105 2036 179 2095 bata
201 2055 235 2095 cc
256 2035 356 2095 multis
378 2055 474 2115 nuper
496 2057 514 2094 a
531 2035 665 2114 Sydovio
682 2035 701 2095 1.
721 2057 744 2094 c.
765 2038 805 2095 38
816 2057 852 2096 ss.
872 2036 995 2097 defensa
1015 2058 1075 2097 non
1094 2037 1198 2097 dubito

107 2124 180 2200 quin
201 2121 277 2180 falsa
299 2123 345 2195 sit,
368 2123 478 2200 quippe
495 2141 564 2199 qua,
586 2121 702 2180 utalia
723 2116 803 2179 nur'rc
821 2124 945 2194 mittam,
969 2125 1122 2198 egregium
1144 2121 1197 2180 du·

106 2205 193 2284 plicis
211 2206 418 2284 epanaphorae
435 2206 593 2264 artificium
610 2213 719 2284 pereat.
762 2208 828 2285 quis
846 2214 890 2266 est
907 2209 986 2266 enim
1008 2209 1081 2287 quin
1103 2207 1213 2266 verba·

107 2310 163 2348 non
183 2292 251 2349 boec
272 2321 315 2332 -
336 2309 390 2347 non
411 2292 478 2348 baec
498 2321 541 2332 -
562 2291 613 2348 sed
633 2321 676 2333 -
697 2291 748 2348 sed
773 2299 908 2350 accurate
934 2292 992 2351 sibi
1017 2291 1212 2370 respondere

107 2373 228 2435 videat?
255 2375 328 2435 haec
350 2377 542 2448 concinnitas,
565 2377 597 2434 in
615 2395 675 2455 qua
692 2377 787 2435 omnis
804 2378 850 2435 vis
869 2378 1009 2437 orationis
1026 2379 1122 2456 posita
1140 2385 1193 2450 est,

108 2460 230 2534 deletur,
255 2463 280 2520 si
302 2469 421 2539 recepta
443 2463 587 2539 scriptura
609 2462 687 2519 nobis
709 2480 871 2539 pronomen
892 2463 958 2520 mibi
978 2464 1010 2521 in
1028 2482 1056 2520 v.
1077 2463 1139 2521 140
1156 2461 1212 2522 a'd·

108 2546 233 2606 alterum
249 2549 436 2606 enuntiatum
453 2547 531 2605 trahi
548 2554 670 2625 oportet.
705 2565 802 2626 neque
814 2565 918 2606 vereor
930 2566 969 2608 ne
981 2549 1047 2626 quis
1062 2568 1089 2606 v.
1107 2549 1193 2608 1363.

108 2638 246 2709 opponat,
270 2633 353 2690 cuius
376 2632 434 2690 loci
456 2652 517 2692 non
537 2631 627 2709 plane
648 2631 753 2692 eadem
774 2632 850 2691 ratio
872 2641 923 2692 est.
966 2633 1128 2692 tenendum
1150 2641 1202 2692 est.

108 2727 206 2774 autem
225 2717 345 2775 omnino
363 2736 431 2774 cum
448 2719 480 2776 in
497 2724 558 2776 toto
576 2717 688 2796 epyllio
705 2729 768 2776 tum
785 2718 817 2775 in
835 2719 988 2776 concitatis
1005 2719 1069 2776 istis
1086 2717 1195 2776 Ariad-

108 2819 166 2860 nae
187 2798 326 2880 querellis
348 2819 479 2860 summae
501 2809 619 2880 poetam
641 2801 845 2881 aequabilitati
871 2804 1012 2861 orationis
1039 2801 1195 2861 studuisse.

108 2885 184 2944 conf.
207 2897 361 2963 praetcrea
377 2905 405 2944 v.
426 2885 797 2944 132-135.143—144.
818 2886 994 2945 145-148,
1016 2886 1192 2944 154-156.

110 2970 284 3029 rso—187.
320 2971 424 3028 miram
436 2972 530 3048 primo
543 2969 686 3048 adspectu
703 2971 838 3030 lectionis
850 2972 1023 3030 varietatem
1039 2973 1082 3030 ita
1100 2979 1193 3030 ortam

108 3064 179 3135 puto
201 3062 242 3127 ut,
270 3073 336 3113 cum
363 3056 394 3112 in
416 3062 516 3114 vetere
536 3055 637 3134 aliquo
659 3055 759 3114 codice
782 3056 961 3116 adiectivum
983 3057 1088 3114 blondo
1115 3058 1194 3116 exci-

109 3141 206 3212 disset,
229 3138 309 3217 quod
330 3147 396 3217 post
414 3141 526 3214 quondo
542 3138 631 3198 facile
648 3139 713 3199 fieri
730 3142 833 3217 potuit,
856 3159 961 3199 manco
978 3141 1077 3200 versui
1093 3142 1194 3200 nescio

109 3227 174 3304 quis
196 3226 305 3284 inserto
326 3227 501 3301 pronomine
522 3226 600 3282 nobie
621 3225 799 3298 subveniret,
821 3225 911 3304 idque
927 3232 1031 3304 postea
1047 3245 1193 3285 unacum

109 3311 238 3388 genuina
259 3310 405 3387 scriptura
421 3311 453 3368 in
470 3309 499 3370 V
515 3312 661 3382 transiret,
683 3312 716 3368 in
733 3330 792 3390 quo
809 3309 891 3368 haud
907 3329 974 3369 raro
992 3309 1197 3390 discrepantes

109 3397 247 3454 lectiones
265 3393 427 3472 adscriptas
444 3393 536 3454 fuisse
550 3402 660 3454 certum
675 3403 726 3454 est.
735 3427 778 3436 —
793 3397 853 3453 140
870 3398 972 3453 misero
985 3395 1192 3468 Baehrensius,

110 3479 187 3559 quod
215 3500 233 3539 a
261 3481 454 3556 congruentia
480 3479 716 3560 aequalitatsque
742 3481 884 3540 orationis
909 3480 1198 3542 commendationem

109 3565 204 3637 habet,
232 3564 307 3624 bene
330 3566 408 3624 enim
436 3567 477 3623 sic
503 3566 571 3622 baec
593 3568 737 3641 promissa
754 3567 878 3624 -baec
898 3569 1001 3624 misera
1017 3597 1060 3608 -
1078 3568 1194 3625 conubia

110 3653 182 3708 laeta
203 3650 261 3709 sibi
282 3648 460 3728 respondere
482 3649 612 3728 adparet.
651 3654 749 3708 misere
766 3651 802 3712 V.
841 3654 959 3710 misem
979 3650 1080 3727 vulgo,
1104 3653 1198 3710 etsie

109 3735 264 3813 Hauptius.
304 3743 336 3793 at
352 3734 475 3794 verbum
492 3733 615 3795 iubendi
632 3756 651 3794 a
668 3734 787 3795 Oatullo
804 3755 872 3795 cum
885 3736 986 3796 dativo
1003 3737 1193 3798 coniunctum

110 3839 171 3880 esse
188 3820 270 3880 nullo
288 3818 375 3879 modo
394 3818 535 3880 credibile
553 3828 604 3880 est.
623 3851 665 3862 -
685 3820 745 3879 148
764 3824 906 3879 meninere
922 3821 1018 3881 Iulius
1032 3819 1197 3893 Ozwalina.

111 3904 187 3984 quod
207 3913 274 3984 post
294 3905 329 3962 L.
348 3905 525 3965 Muellerum
551 3914 581 3965 et
601 3904 815 3965 Baehrensium
836 3905 990 3966 Vahlenus
1016 3924 1133 3985 quoque
1159 3907 1193 3964 in

111 3988 240 4050 ordinem
257 3992 376 4069 recepit.
415 4001 533 4048 metuere
550 3990 673 4063 codices,
693 4000 723 4050 et
739 3993 781 4049 ita
796 3991 955 4069 Hauptius.
990 3989 1091 4050 mendi
1109 3991 1191 4068 origo

110 4075 271 4134 manifesta.
293 4106 336 4116 -
360 4075 422 4132 174
444 4078 558 4147 increta,
576 4077 596 4134 i.
615 4094 640 4135 e.
658 4079 687 4134 io
710 4075 796 4134 Orela
818 4074 845 4135 0
868 4095 934 4134 cum
951 4076 990 4134 D.
1030 4078 1059 4133 in
1081 4074 1197 4134 Cretam.

112 4159 139 4221 G
156 4181 223 4220 cum
240 4159 361 4240 reliquis
379 4159 534 4242 plerisque,
551 4160 770 4235 Lachmannus,
789 4160 948 4240 Hauptius.
988 4179 1077 4241 quam
1094 4159 1198 4222 lectio-
