2968 4990
533 385 762 429 PROLEGOMENA
1078 385 1192 426 Lxxxux

97 503 249 584 dactylus,
267 511 301 564 ut
314 524 336 564 c.
351 504 456 565 LXIV
467 505 516 564 74.
543 504 711 584 frequentes
727 523 798 564 vero
813 510 882 562 sunt
899 505 927 562 ei
943 505 975 562 in
993 503 1099 584 quibus
1112 504 1192 564 idem

96 609 156 670 pes
183 593 214 649 iu
245 591 308 650 sola
334 589 404 651 sede
437 593 542 670 quinta
574 597 720 668 conparet
764 589 823 648 vid.
846 588 1039 648 Baumannus
1061 611 1089 668 p.
1107 588 1140 647 X
1153 609 1196 649 ss..

99 675 142 734 ad
169 681 367 753 pentametros
398 673 478 753 quod
505 678 618 748 attinet,
651 694 744 733 unum
774 681 862 753 poeta
887 693 960 733 voce
987 675 1193 753 monosyllaba

99 763 283 832 terminavit,
311 781 336 818 c.
354 759 491 820 LXXVI
510 762 528 819 8
549 763 682 834 factaque
703 769 777 832 cunt,
804 757 884 838 quod
905 766 1004 818 tamen
1028 761 1065 819 ab
1088 761 1197 818 enclisi

99 844 219 924 aliquid
228 848 431 904 excusationis
445 844 542 904 habet.
569 851 657 924 atque
666 863 702 903 ca
714 845 764 903 vel
776 844 866 902 simili
880 842 1052 904 condicione
1063 844 1199 906 Graecos.

99 949 220 1010 quoque
237 930 387 989 interdum
404 929 482 988 hanc
499 929 648 989 licentiam
662 929 720 988 sibi
737 927 896 989 indulsisse
911 937 1015 988 notum
1033 938 1084 989 est.
1112 929 1192 991 idem

100 1014 239 1074 Catullus
257 1014 417 1074 eorundem
435 1013 570 1092 exemplo
588 1013 696 1072 multos
713 1033 815 1072 versus
837 1016 870 1072 in
886 1032 989 1073 vocem
1006 1014 1193 1093 trisyllabum

98 1108 155 1158 ant
171 1099 237 1178 plus
255 1120 344 1179 quam
362 1098 549 1177 trisyllabam
567 1106 708 1159 exeuntes
725 1099 803 1157 fecit.
839 1117 936 1176 neque
953 1103 1049 1176 magis
1067 1097 1196 1159 Graecis

99 1188 192 1243 anxie
210 1187 324 1243 curavit
341 1192 375 1242 ut
392 1187 569 1244 sententiam
581 1203 641 1243 uno
656 1202 771 1260 semper
788 1182 913 1242 disticho
933 1184 1191 1262 conprehenderet.

98 1269 176 1328 hacc
188 1272 280 1346 igitur
293 1277 323 1328 et
336 1269 397 1327 alia
409 1267 555 1348 quaedam
565 1301 606 1310 -
615 1268 753 1334 nolumus
767 1269 847 1327 enim
856 1269 956 1326 omnia
969 1287 1141 1329 enumerare
1150 1301 1196 1311 -

101 1353 255 1412 Catullum
271 1357 305 1412 in
323 1361 415 1413 metro
433 1352 564 1429 elegiaco
579 1352 703 1412 multum
718 1352 822 1413 cedere
840 1351 999 1412 ostendunt
1015 1358 1111 1432 poetis
1128 1353 1193 1412 Au-

99 1442 185 1515 gusti
210 1436 383 1517 aequalibus
407 1442 596 1518 maximeque
618 1436 736 1510 Ovidis,
764 1440 847 1497 cuius
873 1444 972 1496 tamen
999 1437 1132 1511 disticha,
1159 1446 1195 1498 ut¹

100 1529 172 1582 sunt
190 1542 262 1582 sane
282 1523 458 1602 politissima
481 1531 544 1583 arte
561 1522 648 1594 facta„
669 1525 712 1581 ita
729 1542 748 1580 a
766 1525 888 1581 crimine
909 1519 1080 1596 μονοτονίας
1097 1525 1198 1583 cuius*

100 1607 172 1666 dam
190 1627 278 1686 saepe
296 1610 353 1667 ista
370 1628 437 1667 cum
454 1611 564 1667 virtute
582 1610 755 1668 coniunctae
772 1606 919 1666 vindicari
935 1617 1094 1686 nequeunt.
1130 1611 1191 1668 iam

98 1711 171 1763 uero
189 1714 281 1752 unum
299 1692 586 1753 commemorandum
605 1695 636 1752 in
654 1713 713 1771 quo
730 1700 819 1771 poeta
831 1693 1010 1752 Veronensis
1028 1714 1089 1752 nou
1103 1693 1190 1753 modo

99 1798 163 1838 non
185 1778 364 1857 adaequavit
385 1779 604 1857 insequentium
632 1777 820 1854 elegantiam,
847 1776 900 1837 sed
925 1778 963 1836 ab
991 1781 1196 1858 antiquiorum

100 1863 315 1923 cousuetudine
340 1862 474 1942 paullum
500 1863 605 1936 differt,
632 1862 782 1923 licentiam
806 1862 930 1922 dicimus
951 1866 984 1921 iu
1007 1863 1191 1924 admittenda

99 1947 284 2026 synaloepha
307 1951 503 2027 conspicuam.
543 1946 662 2027 quade
687 1966 720 2006 re
741 1949 854 2026 primus
881 1950 1016 2026 exposuit
1039 1949 1194 2027 Hauptius

99 2035 134 2091 in
164 2033 420 2092 observationibus
450 2035 571 2105 criticis,
603 2051 701 2111 opusc.
720 2033 744 2105 1,
773 2053 802 2110 p.
823 2034 863 2090 90
877 2053 899 2091 s.
935 2032 1012 2090 conf.
1037 2042 1195 2112 praeterea

99 2117 135 2176 L.
154 2117 315 2178 Muellerus
332 2118 352 2175 l.
372 2137 395 2176 c.
413 2139 442 2196 p.
458 2117 579 2176 LXXV
588 2136 624 2175 ss.
644 2124 673 2175 et
689 2116 883 2176 Baumannus
900 2138 929 2195 p.
941 2116 1052 2176 XXss.
1081 2121 1188 2178 etenim

101 2201 236 2262 Catullus
254 2223 321 2261 cum
339 2205 459 2261 omnino
477 2201 647 2281 frequenter
668 2221 737 2261 usus
756 2208 801 2261 est
817 2201 1008 2280 synaloepha,
1026 2209 1090 2261 tum
1108 2203 1189 2262 haud

96 2307 167 2346 raro
184 2287 305 2364 longam
318 2287 452 2346 vocalem
466 2295 495 2346 et
507 2285 770 2366 polysyllabornm‚
789 2288 920 2366 exceptis
932 2294 1032 2347 tamen
1043 2288 1194 2362 iambicis.

99 2379 131 2432 et
156 2371 428 2450 monosyllaborum
454 2379 543 2451 atque
569 2371 661 2431 semel
683 2369 721 2448 (c.
740 2372 802 2431 VII
821 2368 853 2446 3)
876 2371 949 2431 adeo
971 2371 1192 2451 diphthongum.

100 2459 179 2516 coire
201 2477 267 2515 cum
291 2455 376 2516 brevi
397 2457 468 2515 fecit
489 2476 544 2516 nec
566 2459 599 2516 in
619 2459 708 2516 tertia
726 2454 838 2535 dactyli
856 2456 971 2535 syllaba
989 2458 1027 2516 ab
1045 2459 1191 2518 eiusmodi

98 2541 256 2602 verborum
271 2541 525 2619 conglutinatione
539 2541 689 2602 abstinuit
725 2549 854 2602 ceterum
869 2563 935 2602 cum
953 2549 1015 2602 tota
1031 2543 1106 2604 haec
1120 2565 1188 2604 con·

99 2627 317 2704 iungendarum
334 2627 483 2686 vocalium
499 2629 574 2687 ratio
593 2630 652 2686 oris
669 2627 772 2686 Latini
793 2631 914 2707 propria
931 2630 1021 2708 inque
1038 2629 1192 2690 locutione

100 2711 262 2771 cottidiana
288 2713 396 2771 usitata
421 2711 518 2786 fuerit,
546 2720 777 2771 consentaneum
799 2720 844 2772 est
864 2713 950 2790 plura
976 2713 1186 2793 synaloephae,

99 2799 271 2877 praesertim
285 2796 419 2868 durioris,
437 2796 574 2876 exempla
586 2799 618 2855 in
631 2797 793 2857 levioribus
807 2798 871 2856 istis
888 2801 1043 2876 poematiis
1056 2802 1190 2858 inveniri·

99 2901 224 2962 quorum
255 2890 429 2958 argumenta
460 2881 499 2939 ad
529 2900 714 2942 communem
739 2884 833 2940 vitam
862 2884 1013 2960 pertinent
1039 2902 1127 2961 quam
1153 2885 1186 2941 in

98 2967 211 3026 altioris
229 2969 346 3043 generis
364 2966 550 3025 carminibus.
585 2967 660 3025 haec
677 2965 714 3026 de
730 2985 763 3025 re
779 2968 901 3025 metrica
919 2965 1030 3025 catulli
1047 2966 1103 3026 hoc
1120 2966 1185 3026 loco

99 3051 233 3111 attulisse
251 3049 387 3110 sufficiat.
423 3069 493 3108 uam
512 3050 549 3110 de
567 3071 580 3110 s
597 3051 713 3110 litterae
731 3050 829 3109 finalis
846 3069 978 3129 apocope
993 3054 1027 3110 in
1043 3071 1103 3110 uno
1122 3055 1190 3112 eius

99 3136 245 3196 versiculo
271 3133 400 3194 admissa
430 3134 502 3213 quid
534 3135 722 3195 statuendum
747 3134 899 3194 videretur
926 3155 1022 3215 supra,
1054 3156 1121 3195 curu
1148 3136 1189 3198 de

99 3240 243 3281 novorum
255 3227 408 3298 poetarum
418 3219 585 3280 rationibus
597 3223 629 3280 in
641 3223 813 3280 universum
826 3238 1013 3298 exponerem,
1024 3220 1191 3297 declaravi„

99 3307 165 3372 alia,
186 3307 328 3384 conplura
352 3307 386 3363 iu
412 3323 448 3364 ea
473 3304 683 3385 disputationis
707 3311 792 3384 parte
818 3324 895 3384 quae
916 3315 979 3365 erat
1001 3305 1039 3366 de
1061 3305 1185 3368 Graecis

100 3391 204 3452 studiis
220 3398 326 3471 poetae
342 3392 437 3467 attigi.

161 3475 235 3535 Arte
263 3483 292 3535 et
316 3474 416 3534 indole
439 3473 549 3535 Catulli
576 3474 762 3534 considerata
787 3476 919 3554 sequitur
940 3483 974 3534 ut
1000 3476 1037 3536 de
1063 3497 1190 3556 corpore«

100 3563 261 3620 carminum
279 3561 340 3619 eius
360 3559 439 3640 quod
456 3559 495 3619 ad
512 3559 589 3618 hanc
603 3567 729 3619 aetatem
745 3562 880 3638 pervenit
894 3579 1034 3640 quaerere
1048 3563 1188 3622 institua*

99 3665 171 3721 mus,
197 3653 296 3705 utrum
322 3644 361 3704 ab
387 3647 451 3723 ipso
478 3653 567 3723 poeta
592 3664 686 3705 neone
712 3647 903 3705 constitutum
925 3645 1096 3726 editumque
1118 3666 1182 3706 esse

100 3730 241 3790 videatur.
277 3749 354 3810 quae
375 3729 494 3809 quidem
516 3732 648 3808 quaestio
670 3737 827 3809 postquam
849 3730 901 3790 diu
923 3730 1059 3808 neglecta
1080 3734 1180 3806 iacuit,

100 3836 164 3876 cum
181 3816 315 3895 plerique
333 3834 433 3876 omues
451 3814 612 3875 ‘libellum'
632 3813 769 3876 Cornelio
784 3815 894 3894 Nepoti
908 3815 1037 3875 dicatum
1055 3816 1186 3876 eundem

100 3920 161 3962 esse
174 3901 355 3960 confiderent
368 3908 457 3979 atque
469 3898 578 3959 librum
590 3900 676 3959 nobis
690 3910 845 3974 servatum,
859 3903 1006 3979 paucique
1018 3903 1070 3980 qui
1079 3909 1182 3960 contra

98 3985 270 4059 indicarent,
289 3985 382 4045 veluti
395 3983 595 4064 Nipperdeius
611 3986 644 4044 in
659 3984 876 4065 prolegomenis
894 3984 1032 4046 editionis
1051 3984 1185 4046 Cornelii

98 4093 125 4131 a.
149 4072 231 4130 1849
258 4073 382 4132 emissae
407 4091 436 4150 p.
459 4070 545 4144 XVI,
573 4072 748 4130 sententiam
773 4090 857 4129 suam
883 4069 973 4130 verbo
1001 4071 1189 4148 significasse·

98 4159 170 4219 satis
187 4156 339 4231 haberent,
362 4155 482 4216 tandem
504 4176 530 4215 a.
551 4157 632 4214 1863
654 4154 813 4214 Eduardus
829 4155 979 4216 Brunerus
1001 4156 1033 4214 in
1051 4165 1186 4218 actorum.
