2954 4990
289 395 388 438 XXVIII
723 393 950 436 ruonuuomrua

291 530 425 573 corruere
440 511 560 572 faciant.
595 531 664 572 nam
682 510 832 572 Catullum
848 511 1026 586 Amastrida,
1045 511 1074 571 h.
1093 531 1117 574 a
1135 514 1169 572 in
1184 514 1396 574 remotissima

290 599 460 679 provinciae
476 605 569 677 parte,
587 616 695 657 navem
712 617 788 677 quae
803 600 901 676 ipsum
917 600 949 656 iu
962 600 1088 676 patrium
1101 605 1285 678 reportatura
1303 605 1397 659 esset

291 682 497 743 conscendisse
513 683 600 742 nobis
618 681 737 761 quidem
758 689 854 761 potest
874 685 980 743 mirum
997 682 1101 756 videri,
1124 682 1177 743 sed
1198 685 1297 742 varias
1317 685 1394 742 aius

290 770 335 828 rei
352 787 455 828 causas
472 770 597 844 cogitari
613 766 690 826 licet.
726 766 842 840 deinde,
865 770 920 827 atsi
941 767 1031 829 hodic
1050 763 1129 827 iuter
1149 787 1230 828 mare
1245 767 1394 826 Adriati-

291 874 357 913 cum
378 860 408 912 et
428 854 578 912 Benacum
598 850 695 910 lacum
716 852 799 912 nulla
820 859 866 912 eet
886 854 1047 930 navigatio,
1072 850 1183 912 catulli
1209 860 1306 912 aetate
1330 859 1393 912 ant

290 957 344 1017 per
359 936 476 996 Padum
493 945 523 997 st
538 937 682 996 Mincium
700 945 751 997 aut
772 957 825 1016 per
840 935 977 997 Athesim
998 945 1028 997 et
1043 938 1188 997 Mincium
1204 937 1283 996 fossa
1300 937 1393 998 inter

290 1041 322 1082 se
339 1023 510 1082 coniunctos
526 1021 576 1081 vel
593 1023 746 1081 maritimis
763 1021 889 1081 mribus
905 1022 1037 1082 modicae
1050 1021 1263 1100 magnitudinis
1281 1024 1392 1082 veniri
1465 1015 1466 1072 l

290 1109 421 1186 potuisse
446 1106 527 1165 haud
552 1113 597 1166 est
621 1107 802 1167 incredibile.
838 1107 915 1166 conf.
941 1106 1084 1186 philologi
1106 1115 1127 1166 t.
1150 1107 1224 1180 XII,
1251 1127 1280 1185 p.
1304 1107 1388 1166 754.

290 1191 463 1252 Schwaqus
488 1212 537 1272 qu.
561 1190 625 1252 (lat.
651 1212 680 1271 p.
705 1193 765 1250 173
784 1211 806 1251 s.
837 1209 934 1272 nequa
959 1191 991 1250 id
1016 1190 1190 1252 incredibile
1210 1193 1308 1251 visum
1337 1201 1389 1252 est

289 1278 429 1337 Muuroni
451 1276 470 1335 l.
494 1297 517 1336 c.
539 1297 568 1356 p.
593 1279 630 1334 11
651 1296 697 1349 ss,
724 1279 776 1356 qui
796 1285 909 1350 tamen,
934 1284 968 1336 ut
994 1276 1169 1338 offensIones
1191 1296 1265 1356 quas
1289 1278 1388 1354 tetigi

290 1362 429 1435 elevaret,
454 1381 596 1441 perquam
618 1361 777 1421 artificiosa
798 1364 831 1421 in
852 1360 1027 1440 explicando
1050 1364 1179 1421 carmine
1199 1362 1247 1422 IV
1262 1363 1386 1422 ratione

288 1468 359 1507 usus
385 1446 536 1507 Catullum
562 1450 596 1505 in
620 1445 803 1525 Propontide
829 1444 953 1519 demum,
980 1448 1043 1505 sive
1070 1444 1117 1506 Oii
1143 1449 1207 1506 sive
1232 1446 1384 1525 Myrleae,

287 1532 413 1592 urbibus
430 1552 492 1591 non
508 1531 598 1606 longe
616 1551 634 1589 a
651 1531 765 1590 Nicaea
785 1534 914 1603 remotis,
936 1530 1090 1609 phaselum
1106 1551 1190 1591 suurn
1207 1529 1385 1591 Amastrida
1466 1525 1467 1540 ¹

288 1619 412 1676 missum
429 1614 634 1675 conscendisse
656 1633 694 1675 ex
712 1634 813 1695 eoque,
834 1617 1005 1694 priusquam
1027 1618 1132 1675 ostium
1148 1615 1226 1675 Padi
1247 1617 1384 1675 fluminis
1467 1668 1468 1694 ,

289 1703 421 1773 intraret,
439 1699 632 1779 probabiliter
648 1707 746 1761 autem
763 1703 823 1759 iam
839 1699 999 1774 Brundisii,
1018 1720 1167 1779 egressum
1184 1719 1248 1761 essa
1265 1703 1383 1760 statuit.

290 1793 419 1846 ceterum
436 1783 516 1865 quod
532 1785 623 1861 vulgo
641 1792 749 1863 putant
760 1791 877 1863 poetam
890 1787 922 1844 in
939 1786 999 1846 fine
1012 1788 1148 1846 carminis
1161 1787 1258 1866 ipsum
1270 1786 1381 1865 phase·

288 1871 351 1930 lum
364 1872 515 1930 emeritum
527 1870 679 1929 Dioscuris
693 1872 916 1943 consecravisse,
933 1870 966 1929 id
983 1889 1079 1950 neque
1088 1869 1276 1951 praedicatae
1288 1870 1382 1930 modo

288 1958 393 2015 virtuti
411 1956 474 2015 eius
491 1955 630 2014 convenit
651 1963 681 2015 et
701 1954 822 2015 aliunde
840 1974 955 2035 quoque
977 1975 1094 2034 prorsus
1116 1956 1302 2034 inprobabile
1322 1963 1380 2016 est.

289 2043 389 2120 itaque
406 2060 468 2100 non
486 2039 587 2100 dubito
609 2040 745 2120 equidem
761 2042 888 2100 Bruneri
909 2060 938 2119 p.
957 2040 1018 2098 635
1041 2044 1205 2100 sententiae
1228 2039 1380 2114 accedere,

290 2128 340 2206 qui
359 2147 382 2184 c.
400 2127 446 2186 IV
462 2126 636 2204 inscriptum
652 2126 744 2186 fuisse
761 2133 862 2185 censet
882 2127 915 2183 in
936 2124 1038 2184 tabula
1058 2127 1161 2184 votiva
1176 2126 1328 2185 Dioscuris
1346 2129 1380 2186 in

289 2211 396 2271 sacello
414 2210 454 2270 ad
470 2210 568 2270 lacum
584 2211 735 2270 Benacum
756 2215 854 2290 posita
875 2231 942 2269 cum
963 2209 1081 2288 depicta
1102 2211 1231 2287 imagine
1253 2212 1378 2288 navigii,

289 2303 319 2356 et
337 2295 375 2355 ad
391 2295 469 2355 hanc
485 2299 629 2374 picturam
649 2304 782 2375 spectare
801 2297 897 2374 prima
917 2294 1010 2354 verba
1032 2294 1183 2374 ‘phaselus
1205 2294 1378 2376 ille„quem
1468 2345 1469 2354 ,

287 2379 405 2453 videtis,
423 2381 553 2458 hospites
560 2381 576 2438 ’.

353 2464 391 2523 In
412 2467 539 2543 patriam
559 2483 694 2525 reversus
715 2467 842 2542 primum
864 2484 887 2523 c.
909 2464 1022 2523 XXXI
1044 2469 1208 2542 conposuit,
1236 2484 1293 2544 quo
1315 2463 1379 2524 Sir-

288 2551 416 2608 miouem
433 2569 517 2607 suam
534 2550 714 2608 suavissimis
731 2549 865 2609 versibus
878 2549 991 2609 salvere
1004 2549 1093 2610 iubet
1120 2568 1217 2629 neque
1230 2569 1300 2610 vero
1312 2557 1378 2610 tum

289 2633 342 2693 diu
358 2634 466 2693 mansit
482 2635 515 2692 in
531 2635 685 2711 provincia
698 2633 923 2712 Transpadana,
941 2633 993 2694 sed
1006 2654 1076 2694 mox
1087 2635 1212 2694 Romam
1228 2634 1377 2714 profectus
1469 2645 1470 2660 ¹

288 2726 346 2793 est,
372 2725 405 2779 ut
431 2737 469 2778 ex
490 2738 514 2776 c.
535 2717 568 2776 X
594 2717 768 2779 concludere
793 2719 870 2778 licet
910 2727 999 2800 atque
1023 2719 1066 2779 ibi
1091 2739 1187 2779 novus
1213 2739 1280 2780 eum
1304 2738 1376 2797 erga

287 2801 444 2884 pulchrum
460 2822 584 2883 puerum
606 2823 687 2863 amor
708 2805 847 2864 exercuit.
881 2824 951 2863 nam
974 2811 1111 2883 quattuor
1133 2807 1191 2864 ista
1212 2804 1251 2864 ad
1267 2805 1377 2864 Iuven-

288 2891 363 2949 tium
379 2891 510 2950 oarmina
527 2889 638 2949 XXIV
654 2887 793 2949 XLVIII
808 2888 948 2948 LXXXI
965 2888 1071 2950 XOIX
1092 2892 1146 2948 vix
1167 2889 1290 2949 dubium
1311 2908 1376 2950 esse

287 2983 384 3054 potest
401 2977 474 3056 quin
491 2980 570 3036 recte
593 2994 671 3033 anno
691 2969 805 3052 698le
828 2975 877 3034 vel
900 2977 1035 3054 sequenti
1057 2974 1264 3034 attribuantur.
1299 2994 1376 3056 quae

287 3080 465 3140 quamquam
481 3059 558 3118 nihil
574 3062 640 3139 ipsa
653 3062 806 3120 continent
820 3079 879 3140 quo
896 3059 929 3119 id
943 3059 1163 3133 demonstretur,
1182 3070 1214 3119 at
1231 3081 1297 3119 cum
1314 3079 1375 3118 car·

286 3146 416 3205 minibus
433 3147 466 3203 in
482 3145 607 3204 Furium
625 3151 655 3205 et
670 3144 826 3205 Aurelium
847 3146 961 3224 scriptis
980 3142 1054 3221 (XV
1069 3145 1151 3205 XXI
1167 3145 1245 3204 XVI
1260 3144 1377 3205 XXIII

286 3229 398 3290 XXVI
413 3229 474 3306 XI)
491 3233 535 3288 ita
554 3229 711 3289 cohaerent
727 3238 760 3291 ut
776 3233 809 3289 in
825 3229 906 3289 idem
922 3230 985 3290 fers
1001 3237 1116 3308 tempus
1134 3233 1233 3288 omnia
1244 3227 1376 3289 incidere

286 3311 452 3392 putandum
478 3317 524 3372 sit
559 3335 583 3372 c.
604 3315 654 3373 XI
679 3322 824 3375 autema.
848 3310 961 3392 699155
989 3318 1171 3393 conpositum
1198 3332 1260 3374 essa
1286 3333 1376 3391 supra

286 3400 521 3457 memoravimus.
552 3417 676 3478 cumque
693 3419 731 3459 ex
748 3417 783 3460 eo
801 3399 926 3458 Furium
944 3408 974 3460 st
989 3398 1145 3460 Aurelium
1162 3400 1275 3459 Romae
1291 3397 1375 3458 habi-

286 3490 366 3542 tasse
383 3481 484 3558 colligi
499 3486 601 3561 possit,
619 3486 729 3562 quippe
746 3488 799 3562 qui
815 3483 944 3544 Lesbiae
961 3483 1111 3564 quoddam
1131 3492 1238 3563 poetae
1254 3482 1374 3544 mauda-

286 3574 351 3627 tum
366 3566 497 3647 perferre
518 3566 684 3640 iubeantur,
707 3570 766 3627 ista
783 3588 898 3648 quoque
920 3568 960 3628 ad
976 3569 1147 3629 Iuventium
1169 3572 1299 3629 carmina
1318 3569 1376 3628 ibi-

287 3651 355 3713 dem
372 3655 481 3732 scripta
498 3671 561 3712 esse
577 3651 782 3728 iudicabimus,
799 3653 832 3713 id
850 3653 929 3734 quod
947 3657 1036 3714 etiam
1053 3675 1077 3716 c.
1091 3654 1232 3714 LXXXI
1247 3658 1264 3714 1
1283 3653 1375 3714 verba

287 3737 334 3798 ‘in
354 3744 438 3798 tanto
459 3737 585 3817 populo'
606 3737 747 3798 iudicant
783 3740 952 3800 Iuventium
975 3759 1045 3802 vero
1067 3743 1165 3819 ipsum
1185 3759 1247 3799 non
1263 3741 1375 3800 Romae

285 3829 389 3884 natum
406 3821 506 3897 inisse,
525 3822 578 3884 sed
594 3824 721 3902 hospitio
738 3823 783 3884 ibi
799 3823 927 3885 hominis
945 3823 1096 3885 cuiusdam
1112 3825 1238 3885 Pisauro
1257 3822 1374 3884 oriundi

286 3927 372 3968 usum
388 3927 452 3970 esse
469 3927 508 3969 ex
524 3928 549 3968 c.
562 3907 703 3968 LXXXI
720 3911 739 3969 3
753 3929 775 3969 s.
793 3909 986 3987 intellegitur.
1013 3929 1139 3991 quocum
1156 3912 1182 3969 si
1195 3930 1219 3969 c.
1233 3909 1294 3972 XV
1307 3929 1375 3968 cou-

286 4011 432 4070 paramus,
450 3993 596 4074 hospitem
612 3993 697 4053 illum
713 3995 845 4056 Iuventii
863 3994 986 4076 adparet
999 4015 1060 4055 non
1077 3995 1169 4054 ulium
1182 3994 1273 4054 fuisse
1286 4014 1375 4074 quam

286 4075 442 4139 Aurelium
459 4075 602 4155 (animum
619 4078 754 4140 attendas
772 4082 923 4160 inprimis
944 4080 983 4140 ad
1004 4079 1080 4141 illud
1100 4082 1172 4153 seoda
1190 4100 1213 4139 c.
1231 4079 1293 4140 XV
1311 4076 1371 4152 12),

285 4166 495 4245 perspexitque
520 4165 553 4224 id
578 4167 638 4226 iam
659 4165 810 4226 Brunarus
832 4185 861 4245 p.
886 4167 956 4241 638,
980 4186 1160 4246 quamquam
1179 4185 1285 4245 parum
1309 4183 1374 4258 pro·
