2968 4990
524 399 702 445 enuorlrro
726 397 848 442 omma
1130 399 1233 442 cxxvn

138 516 234 600 (quod
254 519 361 578 vitium
383 520 447 598 ipse
469 519 590 598 quidem
607 519 815 579 Froebliohius
836 521 1000 597 evitaverat
1016 519 1059 578 ita
1075 525 1109 577 ut
1126 540 1179 598 pro
1198 538 1233 579 eo

137 616 225 680 osque
250 612 381 684 poneret,
409 604 460 663 sed
483 606 596 663 nemini
621 602 771 683 probavit)
788 637 831 647 -
848 624 944 683 neque
969 607 1068 669 minus
1089 603 1236 664 refellitur

138 689 240 749 verbis
259 692 299 747 ad
315 709 408 765 qoam,
433 710 486 768 pro
509 689 617 769 quibus
634 692 800 750 necessario
818 693 846 747 ia
864 710 921 765 qua
939 688 1056 749 Catullo
1075 689 1235 748 dicendum

140 774 254 846 fixisset,
273 777 348 833 sicut
367 773 443 833 dixit
459 773 540 834 infra
558 795 585 833 v.
606 776 675 834 156.
711 782 801 854 atque
817 775 874 834 hcc
892 782 958 853 post
974 774 1155 852 publicatam
1173 774 1235 834 edi·

139 861 251 919 tionem
279 879 360 918 suam
382 867 461 918 recte
478 859 628 919 intellexit
643 860 851 932 Baehrensius,
874 858 926 920 sed
948 858 1058 918 frustra
1079 863 1112 918 in
1133 859 1234 919 annal.

140 944 243 1024 philol
264 943 384 1004 CXVII
402 945 465 1002 770
482 943 688 1005 difficultatem
709 945 814 1005 tollere
836 945 894 1003 sibi
915 945 997 1003 visus
1015 951 1060 1005 est
1077 944 1237 1004 scribendo

141 1032 181 1087 ad
203 1050 290 1104 quun.
336 1037 464 1088 ceterum
485 1033 613 1109 nequis
635 1031 870 1109 interpretationi
892 1049 982 1107 supra
1006 1031 1175 1109 propositae
1201 1029 1234 1087 id

141 1114 259 1174 obstare
276 1122 361 1192 putet
379 1113 457 1193 quod
470 1114 521 1173 Μ.’
536 1114 635 1174 Allius
649 1136 676 1173 v.
690 1117 728 1173 12
743 1117 843 1190 hospes
859 1113 967 1174 dicitur
984 1135 1002 1173 a
1019 1122 1119 1193 poeta:
1138 1117 1235 1194 potuit

140 1201 206 1258 iure
236 1201 279 1258 sic
306 1199 463 1277 adpellari,
492 1202 580 1258 etiam
603 1202 628 1259 si
651 1200 766 1260 alienae
790 1199 901 1270 domus,
926 1197 978 1258 sed
1001 1219 1061 1278 qua
1082 1207 1235 1278 tamquam

141 1304 196 1343 sna
212 1292 351 1357 uteretur,
371 1287 485 1363 copiam
499 1283 617 1343 Catullo
635 1285 752 1344 fecerat.
772 1317 813 1326 -
833 1285 872 1342 82
891 1285 996 1360 hiemps
1013 1285 1048 1342 L.
1063 1285 1234 1344 Muellerus.

140 1371 253 1445 hyemps
271 1367 298 1428 O
317 1388 385 1428 cum
402 1371 439 1429 D.
484 1371 576 1444 hyems
594 1369 631 1429 G.
671 1372 755 1427 dions
777 1369 878 1446 vulgo,
905 1377 935 1428 et
956 1371 999 1428 sic
1014 1369 1173 1448 Hauptius.
1190 1402 1234 1412 —

142 1455 182 1513 85
202 1456 308 1512 scibant
320 1455 357 1514 V.
393 1456 481 1512 scibat
495 1456 645 1533 Hauptius
663 1473 680 1514 e
694 1459 863 1514 coniectura
875 1453 1071 1514 Lachmanni.
1083 1487 1125 1497 -
1138 1457 1239 1512 obesse

140 1537 221 1598 Itali.
262 1539 338 1599 conf.
357 1538 395 1597 A.
413 1540 544 1599 Weisius
567 1542 599 1599 in
620 1559 797 1618 programm.
816 1559 917 1618 gymn.
937 1538 1077 1599 Citiensis
1095 1560 1121 1598 a.
1142 1541 1237 1612 1869,

140 1645 169 1704 p.
190 1625 230 1682 37
259 1631 288 1684 ct
313 1625 420 1684 Munro
448 1627 510 1684 crit.
537 1644 565 1704 p.
590 1626 651 1683 187
664 1644 686 1684 s.
719 1622 784 1704 (qui
809 1632 910 1684 tamen
935 1632 1037 1703 aperte
1063 1632 1142 1684 errat
1168 1645 1236 1684 cum

142 1712 266 1784 contupio
283 1709 334 1768 hic
350 1728 476 1789 quoque,
498 1718 533 1768 ut
549 1730 577 1768 v.
598 1710 667 1782 107,
691 1730 744 1788 pro
768 1714 881 1784 coniche
898 1709 1010 1768 dictum
1028 1717 1057 1769 et
1079 1711 1198 1786 obrupto
1217 1730 1238 1768 a

140 1794 232 1854 verbo
255 1795 421 1870 abmpiendt
441 1793 469 1852 h.
491 1813 516 1854 e.
539 1794 707 1874 abripiendi
734 1793 902 1855 ducendum
929 1813 993 1854 esse
1020 1802 1112 1873 putat.
1156 1794 1234 1854 conf.

141 1899 170 1938 v.
189 1878 252 1956 81).
287 1881 378 1949 abisse
394 1880 432 1952 V,
455 1879 674 1953 Lachmannus,
701 1880 861 1958 Hauptius.
884 1911 927 1921 —
951 1881 990 1938 92
1010 1883 1036 1937 ei
1056 1878 1083 1940 Ο
1106 1899 1173 1940 cum
1194 1880 1236 1938 D.

141 1965 185 2021 tei
208 1963 316 2043 reliqui
341 1963 418 2036 libri,
445 1964 605 2042 Hauptius.
633 1997 674 2008 —
702 1966 741 2022 93
765 1968 790 2022 ei
809 1965 848 2024 D.
891 1965 934 2022 dei
950 1965 987 2036 V,
1011 1964 1170 2044 Hauptius.
1192 1995 1235 2007 -

143 2050 204 2107 102
224 2049 316 2108 Graio
332 2049 367 2107 L.
382 2049 544 2108 Muellerus
561 2049 684 2128 praefat.
702 2049 834 2108 XXXV.
872 2048 984 2107 Graeca
1002 2049 1125 2121 codices,
1145 2052 1238 2109 etsie

139 2134 299 2213 Hauptius.
318 2165 361 2176 -—
380 2134 440 2192 105
456 2137 629 2209 pulsem-ima
641 2133 765 2193 Ellisius
779 2132 792 2209 (
794 2135 950 2210 patrocimo
964 2131 1013 2208 Ο).
1043 2136 1237 2209 pulcherrima

141 2220 301 2299 Hauptius.
320 2250 363 2260 —
382 2219 443 2276 118
466 2229 556 2276 tomen
581 2221 740 2277 indomitam
765 2219 906 2297 Heysius.
949 2229 1025 2276 taam
1046 2221 1177 2277 domitam
1196 2220 1235 2292 V,

141 2323 218 2384 quae
241 2302 414 2382 depravatio
432 2321 470 2362 ex
492 2306 636 2384 scriptura
658 2306 847 2363 taindomitam
869 2303 1013 2363 facillimo
1036 2321 1133 2364 erroro
1150 2308 1236 2364 nasci

139 2392 244 2468 potuit.
281 2388 318 2448 de
335 2392 367 2448 vi
384 2388 548 2468 particulae
566 2400 656 2448 tamen
675 2389 752 2449 conf.
766 2389 874 2448 Munro
892 2389 911 2447 l
927 2409 950 2447 c.
968 2390 1037 2462 189,
1057 2392 1108 2468 qui
1125 2392 1239 2468 etipse

141 2474 250 2553 Heysii
267 2477 422 2534 inventum
439 2474 553 2553 probat.
593 2475 693 2532 darum
715 2477 845 2535 domitam
861 2473 1013 2553 Hauptius
1030 2493 1047 2534 e
1066 2478 1241 2534 coniectura

140 2558 337 2632 Lachmanni,
365 2579 441 2639 quae
472 2562 504 2618 in
531 2559 657 2620 lectione
689 2559 760 2618 libri
786 2560 816 2619 D
844 2561 937 2618 dicum
965 2562 1095 2618 domitam
1120 2563 1235 2619 nititur.

141 2650 272 2703 ceterum
294 2647 456 2703 rectissime
473 2645 684 2705 Lachmannus
706 2644 784 2704 vidit
806 2665 867 2704 non
888 2663 976 2724 possa
992 2645 1041 2704 hic
1063 2647 1123 2704 nisi
1140 2648 1238 2724 ipsam

140 2727 335 2787 Laodamiam
358 2728 417 2787 dici
440 2733 544 2806 iugum
565 2731 643 2790 ferra
665 2730 782 2790 doctam
805 2749 882 2790 esse:
906 2732 989 2789 cuius
1010 2730 1075 2790 loco
1095 2733 1146 2808 qui
1163 2731 1236 2788 Pro-

141 2813 279 2872 tesilaum
304 2812 414 2874 inferre
439 2821 670 2893 temptaverunt,
699 2834 839 2874 versuum
862 2815 1032 2873 119-130
1053 2815 1168 2873 nullam
1189 2834 1239 2872 ra·-

141 2901 252 2957 tionem
275 2897 448 2957 habuerunt.
493 2898 661 2978 eisdemque
683 2919 722 2958 ex
743 2899 886 2971 versibus,
914 2899 1022 2978 quibus
1048 2918 1125 2977 quae
1147 2907 1241 2958 antea.

142 2983 222 3042 dicta
240 2990 309 3042 sunt
327 2983 439 3061 duplici
457 2987 667 3062 conparatione
690 2985 909 3054 confirmantur,
935 2983 1023 3042 simul
1039 2985 1168 3062 perspici
1184 3004 1236 3062 po-

141 3075 217 3128 terat
234 3068 283 3127 hic
300 3087 418 3148 quoque
434 3069 613 3146 generaliter
627 3067 779 3128 ardentem
792 3067 975 3127 Laodamiae
988 3087 1060 3144 erga
1078 3071 1237 3145 coniugem·

142 3172 273 3214 amorem
291 3153 433 3213 celebrari
451 3173 547 3233 neque
561 3153 655 3212 solum
673 3152 750 3212 illud
766 3160 835 3232 post
851 3160 975 3212 mortem
987 3152 1145 3213 Protesilai
1162 3161 1235 3213 tem-

140 3258 196 3318 pus
213 3241 329 3318 respici.
347 3271 389 3281 -
408 3239 468 3296 119
487 3257 537 3296 nec
548 3239 586 3299 V.
613 3259 701 3313 aeque
713 3239 872 3317 Hauptius.
885 3269 928 3279 -
942 3239 1003 3296 139
1024 3240 1146 3296 contudit
1163 3242 1235 3296 iram

142 3323 364 3400 Hertzbergius.
401 3326 541 3382 cotidiana
559 3322 585 3384 Ο
605 3343 672 3383 cum
688 3330 773 3402 parte
790 3323 978 3401 reliquorum.
1015 3325 1178 3398 quotidiana
1196 3323 1233 3384 G.

143 3413 284 3484 concoquit
305 3412 377 3466 iram
394 3409 544 3488 Hauptius
567 3427 584 3468 e
605 3410 775 3468 coniectura
790 3407 985 3468 Lachmanui
1026 3410 1075 3467 cui
1092 3427 1127 3469 ea
1145 3429 1236 3488 quam

141 3497 205 3573 ipse
236 3501 266 3552 et
296 3493 421 3552 Ellisius
452 3495 615 3572 recepimus
647 3495 728 3552 omni
755 3512 793 3552 ex
823 3501 907 3572 parte
932 3501 1074 3572 praestat,
1108 3515 1178 3553 nam
1205 3502 1235 3554 et

142 3577 234 3638 multo
261 3581 359 3658 aptius
386 3577 424 3638 ad
450 3580 529 3638 hunc
554 3579 652 3638 locum
678 3585 803 3657 tempus¹
815 3577 979 3657 perfectum
1004 3598 1058 3658 pro
1084 3582 1234 3658 praesenti

141 3663 232 3722 infert
249 3671 278 3722 et
295 3663 472 3723 sublimitati
490 3665 627 3722 carminis
644 3666 740 3740 magis
758 3667 898 3724 convenit
913 3664 1093 3743 propiusque
1110 3684 1130 3722 a
1145 3664 1237 3722 libro-

141 3767 207 3807 rum
232 3750 375 3808 memoria
401 3749 492 3809 abest.
537 3757 666 3809 ceterum
688 3748 923 3808 emendationem
944 3748 1137 3808 incohaverat
1159 3747 1234 3807 San·

140 3835 238 3893 teuiue
257 3836 375 3892 continet
397 3836 468 3892 iram
487 3832 649 3894 scribendo.
668 3864 711 3874 -
730 3835 789 3891 141
810 3836 890 3909 atqui
905 3833 984 3892 Itali.
1020 3842 1104 3908 arque
1121 3834 1158 3892 V.
1193 3844 1236 3906 at,

142 3921 208 3994 prtia
224 3917 435 3978 Lachmannus
458 3919 669 3999 Hauptiusque
691 3938 728 3978 ex
745 3919 783 3977 D.
803 3950 845 3961 —
869 3918 929 3976 142
948 3920 1059 3976 trossuli
1074 3920 1140 3976 tolle
1155 3917 1232 3977 libri.

142 4006 278 4061 tranabat
300 4007 352 4062 illa
372 4004 524 4084 Hauptius
547 4023 563 4063 e
585 4006 754 4063 coniectura
774 4002 968 4062 Lachmanni.
986 4034 1030 4044 —
1050 4003 1111 4061 150
1133 4023 1233 4082 quam·

142 4107 231 4168 quam
255 4092 419 4148 communis
441 4089 579 4148 omnibus
602 4087 752 4148 codicibus
775 4087 948 4167 depravatio
970 4090 1035 4148 aliis
1052 4087 1233 4148 demonstrat

141 4175 173 4232 in
197 4191 230 4233 eo
252 4173 329 4233 libro
352 4173 431 4234 unde
448 4175 479 4235 V
496 4175 583 4232 fluxit
604 4175 663 4233 Alli
684 4176 826 4252 scriptum
848 4172 947 4247 fuisse,
971 4173 1051 4253 quod
1069 4173 1237 4234 divinando
