2998 4994
285 367 369 408 LXXX
719 365 947 410 rsomeomsrta

283 487 370 544 tione
387 483 493 562 dignos
509 483 701 544 existimabat
717 484 1008 546 contumeliosissime
1025 489 1160 544 tractare.
1196 485 1279 544 cuius
1297 502 1380 544 acar-

288 571 411 631 bitatem
435 571 469 628 in
495 569 600 628 iambis
624 567 827 642 Quintilianus
848 569 915 628 Xl
942 570 981 627 96
1008 571 1051 628 ita
1079 569 1317 629 commemoravit
1343 579 1379 630 ιιι

286 655 367 716 banc
388 656 416 714 ei
436 657 625 734 praecipuam
647 654 733 714 huius
759 663 864 733 poetae
884 653 1003 714 laudem
1025 657 1120 714 visam
1144 673 1207 714 esse
1225 653 1376 732 adpareat.

285 749 419 801 ceterum
435 741 468 798 in
480 739 684 798 consectandis
701 741 829 798 inimicis
843 739 993 798 Catullum
1011 740 1089 799 male
1103 737 1221 799 dicendi
1234 738 1378 799 ulciscen-

289 825 380 906 diqus
398 816 559 904 cupiditate
575 824 731 903 abreptum
744 844 842 884 rerum
856 824 1035 884 obiecturum
1054 824 1143 884 fidem
1160 845 1221 883 non
1238 824 1379 900 religiose

284 909 450 970 admodum
467 911 617 969 curavisse
633 912 835 990 unusquisque
852 909 941 969 facile
959 910 1108 970 concedet.
1144 929 1248 970 verum
1264 908 1320 968 hoc
1338 928 1378 968 ex

287 996 475 1075 antiquitatis
491 994 622 1053 moribus
639 994 840 1054 iudicandum.
875 1014 932 1055 nec
954 995 1041 1054 aliter
1057 995 1186 1056 obscena
1203 1013 1279 1075 quae
1297 993 1378 1072 apud

288 1080 443 1142 Catullum
463 1078 604 1156 leguntur
623 1080 851 1139 aestimabimus.
886 1100 946 1160 qua
966 1088 1065 1139 tamen
1087 1082 1120 1139 in
1140 1099 1174 1140 re
1195 1078 1377 1139 monendum

286 1174 336 1226 est
352 1171 470 1244 poetam
487 1165 697 1239 Veronensem,
719 1173 752 1224 ut
774 1185 835 1224 non
856 1185 923 1224 raro
945 1164 1044 1224 verbis
1065 1164 1212 1248 rebusque
1229 1183 1377 1244 spurcum,

287 1254 332 1310 ita
350 1251 387 1309 ab
406 1248 557 1310 Ovidiaua
573 1251 631 1309 ista
647 1252 763 1329 pictura
779 1249 913 1310 libidinis
930 1249 1019 1328 plane
1036 1249 1167 1309 alienum
1185 1269 1256 1310 esse.

353 1335 439 1394 Haec
456 1333 494 1395 da
510 1333 612 1395 indole
625 1333 737 1395 Catulli
749 1335 898 1413 disputata
912 1336 968 1394 etsi
980 1355 998 1394 a
1012 1335 1176 1395 minoribus
1192 1335 1378 1414 potissimum

286 1420 470 1481 carminibus
483 1427 552 1479 sunt
566 1419 663 1494 ducta,
682 1420 790 1500 quibus
802 1420 853 1479 ille
869 1422 1040 1500 primariam
1054 1420 1111 1479 sibi
1128 1418 1247 1480 laudem
1261 1421 1377 1492 memit,

288 1513 389 1566 tamen
407 1507 546 1564 universe
563 1507 652 1564 etiam
670 1507 702 1563 in
720 1507 833 1564 maiora
850 1513 880 1564 et
898 1505 1030 1564 doctiora
1047 1504 1165 1577 cadunt,
1183 1524 1281 1584 neque
1297 1512 1378 1564 recte

286 1591 381 1668 vulgo
398 1597 517 1669 poetam
534 1609 652 1669 prorsus
670 1589 762 1648 alium
780 1589 893 1663 iubos,
911 1589 1003 1649 alium
1020 1610 1139 1669 prorsus
1152 1592 1185 1649 in
1202 1589 1253 1648 illo
1268 1607 1378 1665 genere
1478 1603 1479 1614 ¹

286 1695 355 1736 esse
373 1682 514 1734 statuunt.
549 1683 628 1734 certe
649 1675 674 1734 is
696 1677 729 1733 in
750 1673 857 1734 alienis
875 1675 1028 1734 affectibus
1046 1673 1246 1736 describendis
1263 1675 1318 1733 vix
1333 1677 1380 1733 in·

290 1760 380 1820 ferior
402 1765 446 1819 est
464 1779 553 1839 quam
570 1762 602 1818 in
620 1761 689 1833 suis,
712 1766 745 1817 ut
761 1757 914 1820 Ariadnae
932 1768 961 1820 et
977 1759 1091 1820 Attinis
1113 1759 1261 1840 querellae
1283 1767 1380 1819 osten·
1478 1775 1479 1780 ’

288 1846 374 1916 dunt,
396 1843 536 1923 idemque
553 1847 585 1903 in
603 1844 700 1922 elegia
717 1843 756 1902 ad
772 1845 888 1904 Allium
906 1847 1022 1925 scripta,
1046 1865 1226 1925 quamquam
1243 1844 1379 1903 consulto

288 1930 393 1990 doctas
420 1929 600 1990 Graecorum
635 1929 752 1989 fabulas
782 1929 952 2003 admiscuit,
983 1930 1077 1989 nihilo
1102 1932 1201 1988 minus
1226 1931 1379 2006 egregiam

287 2035 411 2076 suarum
423 2033 523 2074 rerum
539 2016 699 2091 imaginem
717 2016 957 2094 repraesentavit.
992 2034 1089 2095 neque
1106 2034 1176 2074 vero
1193 2014 1267 2073 haec
1285 2014 1378 2074 Alex-

288 2100 436 2160 andrinae
457 2101 555 2178 poesis
583 2101 708 2159 imitatio
730 2100 891 2160 maioribus
912 2101 978 2160 istis
1000 2100 1180 2159 carminibus
1202 2118 1265 2158 sese
1287 2101 1380 2159 conti-

289 2193 351 2258 net,
374 2184 434 2257 sed,
457 2193 491 2243 ut
512 2204 601 2262 supra
622 2184 759 2258 vidimus,
782 2192 864 2264 patet
880 2184 977 2243 latius.
1013 2192 1044 2243 at
1064 2185 1132 2264 plus
1149 2187 1270 2244 omnino
1288 2205 1380 2264 quam

287 2269 505 2330 Alexandrinis
524 2268 660 2329 Catullus
682 2289 735 2328 suo
756 2271 877 2347 ingenio
900 2268 1034 2342 debebat,
1059 2278 1179 2350 eratque
1196 2278 1303 2328 natura
1320 2269 1379 2327 Ar·
1478 2297 1479 2308 ι

287 2354 425 2415 chilocho
444 2362 473 2414 et
489 2353 621 2414 Aeolicis
637 2355 757 2414 vatibus
771 2356 971 2434 propinquior.
998 2354 1104 2434 quodsi
1118 2356 1266 2434 poematia
1283 2354 1380 2433 lyrica

288 2461 360 2500 cum
381 2439 488 2498 iambis
511 2441 790 2519 epigrammatisque
812 2442 915 2499 ceteris
934 2441 996 2499 eius
1015 2440 1194 2499 carminibus
1211 2441 1243 2498 in
1261 2441 1380 2500 univer·

288 2545 358 2585 sum
375 2523 550 2603 perfectiora
568 2532 637 2583 sunt
653 2523 821 2596 iudicanda,
841 2523 872 2583 id
889 2525 967 2584 bano
984 2527 1141 2604 praecipue
1155 2543 1274 2584 causam
1288 2523 1381 2584 habet

288 2609 373 2690 quod
393 2609 447 2668 illa
467 2628 577 2685 genera
595 2606 783 2668 Oatulliauae
805 2609 901 2669 indoli
921 2610 1014 2670 multo
1036 2612 1130 2688 magis
1153 2607 1380 2669 conveniebant.

292 2713 390 2774 neque
406 2693 495 2753 facile
512 2694 561 2753 hic
576 2696 609 2753 in
627 2713 663 2754 ea
678 2696 752 2753 vitia
769 2696 917 2756 incurrere
934 2697 1031 2774 potuit
1046 2703 1134 2775 poeta
1152 2713 1228 2773 quae
1245 2693 1381 2754 Alexan·

286 2780 397 2840 drinae
413 2781 485 2838 artis
507 2781 626 2858 propria
646 2783 679 2838 in
701 2779 860 2839 maioribus
878 2779 1057 2839 carminibus
1079 2800 1140 2839 uon
1157 2799 1273 2859 semper
1290 2779 1381 2839 decli·

288 2867 389 2938 navit,
420 2865 549 2944 partium
579 2864 645 2923 dico
677 2865 918 2944 inaequalitatem
948 2866 1131 2944 nimiumque
1158 2864 1382 2942 degressionum

288 2951 445 3022 ambitum,
468 2949 575 3029 quibus
597 2950 677 3008 vitiis
698 2951 731 3007 in
755 2951 858 3029 primis
880 2949 1013 3028 epyllion
1035 2948 1072 3009 de
1089 2949 1173 3009 Pelei
1190 2956 1220 3009 et
1240 2947 1381 3010 Thetidis

293 3037 406 3116 nuptiis
423 3033 546 3107 laborat,
565 3052 639 3113 opus
656 3036 806 3114 ceteroqui
823 3038 904 3093 omni
921 3053 1016 3113 paene
1033 3053 1155 3095 numero
1173 3035 1323 3094 eximium.

357 3119 523 3182 Virtutibus
544 3126 650 3197 poetae
671 3139 744 3199 quas
767 3121 890 3199 exposui
911 3119 1001 3198 plane
1022 3121 1158 3198 congruit
1183 3139 1277 3179 sermo
1299 3121 1381 3180 eius:

288 3215 339 3265 est
356 3207 435 3265 enim
457 3204 592 3283 simplex,
614 3207 795 3282 perspicuus,
818 3204 981 3278 distinctus,
1000 3204 1147 3264 excellens
1166 3205 1310 3264 suavitate
1328 3222 1381 3264 ne·

287 3309 352 3369 que
368 3308 439 3349 vero
455 3288 560 3349 robore
577 3295 607 3348 ct
624 3291 722 3348 nervis
739 3288 904 3348 destitutus.
936 3288 1055 3370 quando
1074 3298 1172 3348 autem
1190 3287 1324 3348 Oatullus
1342 3308 1383 3349 ea

293 3376 371 3433 vixit
388 3381 484 3433 aetate
502 3393 561 3453 qua
579 3374 617 3433 ab
634 3372 701 3432 rudi
720 3382 782 3432 arte
795 3381 928 3434 veterum
945 3381 1098 3452 poetarum
1110 3375 1230 3432 transiri
1243 3379 1383 3452 coeptum

289 3466 340 3518 est
352 3458 391 3518 ad
403 3458 536 3517 limatam
549 3458 727 3535 elegantiam
740 3477 842 3518 eorum
854 3461 908 3537 qui
919 3457 1051 3536 Augusti
1063 3467 1195 3538 tempore
1208 3458 1381 3532 floruerunt,

289 3551 525 3604 consentaneum
534 3552 579 3603 est
590 3546 623 3602 in
637 3545 769 3604 oratione
782 3545 854 3616 cius,
872 3545 982 3622 pariter
995 3554 1084 3624 atque
1096 3545 1129 3602 in
1146 3546 1284 3616 numeris,
1303 3545 1383 3604 inter

294 3629 422 3709 plurima
439 3649 583 3689 novorum
600 3628 762 3688 studiorum
780 3630 866 3704 signa
882 3631 971 3688 etiam
984 3632 1082 3688 varias
1099 3631 1242 3707 pristinae
1259 3648 1383 3690 consue·

288 3713 406 3774 tudinis
427 3714 567 3795 reliquias
589 3715 727 3774 inveniri.
763 3731 906 3792 quaeres
929 3717 984 3773 etsi
1002 3716 1155 3775 anemius
1176 3714 1273 3773 adhuc
1291 3714 1383 3794 plene

291 3807 420 3859 tractata
437 3809 488 3873 est,
511 3808 611 3859 tamen
628 3817 723 3877 nuper
739 3797 895 3876 conplures
912 3819 1031 3878 operam
1049 3798 1238 3879 studiumque
1254 3800 1287 3859 in
1304 3801 1384 3859 inlu-

287 3884 446 3944 strandam
468 3904 533 3945 eam
556 3883 756 3956 contulerunt,
783 3883 952 3944 Fridericus
974 3884 1163 3944 Heussnerus
1184 3887 1217 3943 in
1245 3883 1383 3944 disserta·

293 3972 375 4030 tione
409 3969 618 4047 Marburgensi
653 3987 729 4048 quae
762 3969 904 4048 inscripta
934 3977 979 4028 est
1017 3970 1249 4029 ‘observationes
1284 3989 1383 4046 gram·

293 4056 421 4114 maticae
442 4056 474 4113 in
497 4054 608 4113 Catulli
629 4054 698 4113 Ver.
720 4052 842 4112 librum’
863 4052 1031 4134 prodiitque
1053 4073 1079 4114 a.
1104 4055 1195 4128 1869,
1221 4053 1383 4134 Adolpbus

287 4138 443 4199 Reeckius
460 4141 493 4198 in
511 4138 623 4199 dissert.
641 4137 869 4200 Vratislaviensi
891 4137 942 4199 ‘de
960 4139 1195 4200 Catullianorum
1217 4141 1386 4200 carminum
