2954 4990
319 398 340 439 L
753 394 981 438 recondendus

316 517 495 574 recentiores
517 517 568 594 qui
590 513 627 574 de
648 516 782 593 personis
805 512 982 573 Catullianis
1004 517 1183 594 scripserunt
1208 522 1329 574 tantum
1353 537 1422 576 non

319 619 421 659 omnes
442 600 606 659 Veranium
631 609 661 658 et
682 599 843 657 Fabullum
869 601 988 658 comites
1015 599 1106 660 fuisse
1127 607 1261 660 statuunt
1280 599 1319 658 L.
1345 601 1422 660 Cal-

318 686 419 764 purnii
440 685 559 744 Pisonis
582 683 753 756 Caesonini,
777 686 829 763 qui
851 683 888 742 de
911 684 1066 743 consulatu
1087 705 1114 744 a.
1133 681 1247 764 696158
1271 693 1360 762 gesto
1387 689 1420 744 in
1469 691 1470 694 ’

319 769 526 830 Macedoniam
544 769 728 847 provinciam
745 768 802 826 sibi
819 767 995 828 destinatam
1013 769 1086 828 abiit
1099 789 1195 849 neque
1212 777 1281 828 ante
1296 791 1419 828 annum

321 851 435 931 sessos
446 857 509 913 sive
518 853 648 913 medium
661 855 725 913 sive
733 863 896 912 extremum
909 852 993 912 illinc
1005 857 1126 914 revertit
1136 853 1224 930 (conf.
1235 854 1420 914 Schwabins

319 961 348 1018 p.
373 939 435 996 250
452 937 496 1015 s).
532 937 611 1017 quod
637 941 662 996 si
688 939 836 1011 statuitur,
865 940 997 996 carmina
1016 939 1066 997 IX
1093 945 1122 998 et
1142 940 1217 1011 XII,
1244 941 1420 1018 inquibus

319 1025 443 1084 Veranii
466 1030 495 1082 et
515 1022 637 1081 Fabulli
657 1025 690 1081 in
711 1023 860 1100 Hispania
885 1025 1083 1101 peregrinatio
1109 1033 1370 1098 commemoratur,
1400 1045 1418 1084 a

320 1108 499 1168 carminibus
520 1107 663 1166 XXVIII
686 1115 715 1167 et
734 1108 869 1180 XLVII,
897 1109 1041 1186 equibus
1067 1127 1116 1168 eos
1143 1111 1264 1168 comites
1290 1109 1417 1169 Pisonis

319 1195 411 1253 fuisse
428 1193 618 1269 intellegitur,
636 1195 800 1252 necessario
818 1192 984 1270 separanda
1001 1200 1077 1252 sunt.
1113 1200 1145 1251 at
1160 1199 1261 1252 tamen
1278 1194 1353 1253 talis
1372 1204 1418 1254 est

319 1281 483 1338 carmInum
505 1280 636 1336 omnium
658 1297 735 1357 quae
757 1277 892 1337 Catullus
919 1276 957 1335 ad
981 1277 1035 1336 hos
1062 1279 1171 1336 amicos
1196 1279 1277 1336 misit
1304 1287 1362 1338 aut
1385 1283 1416 1338 iu

319 1364 426 1444 quibus
447 1383 548 1423 eorum
573 1364 751 1423 mentionem
773 1361 845 1420 fecit
870 1363 945 1420 ratio
972 1369 1060 1440 atque
1084 1362 1217 1422 condicio
1241 1373 1278 1421 ut
1297 1383 1358 1442 per
1387 1385 1416 1424 se

318 1449 411 1508 multo
432 1449 497 1509 veri
519 1447 642 1506 similius
666 1449 705 1506 sit
728 1448 866 1506 continuo
894 1465 957 1506 sese
978 1450 1128 1526 excepisse
1150 1467 1186 1506 ea
1207 1467 1298 1526 quam
1321 1449 1416 1526 longe

319 1534 443 1593 divorsis
460 1531 642 1610 temporibus
660 1534 770 1609 scripta
786 1550 858 1604 esse,
880 1530 913 1589 id
929 1532 1009 1610 qnod
1030 1535 1125 1608 magis
1149 1533 1238 1591 etiam
1260 1532 1347 1592 infra
1365 1534 1415 1592 ad-

317 1619 442 1698 parebit,
460 1618 513 1676 ubi
530 1618 635 1675 seriem
652 1635 758 1687 rerum,
781 1617 898 1694 qualem
916 1616 1001 1676 nobis
1020 1624 1118 1677 mente
1134 1615 1343 1692 formavimus,
1364 1638 1413 1677 cx-

317 1721 470 1781 ponemus.
506 1700 626 1773 deinde,
654 1703 680 1759 si
706 1720 730 1760 c.
753 1701 897 1761 XXVIII
923 1703 994 1760 anni
1021 1695 1134 1781 699s55
1163 1701 1286 1760 dimidio
1316 1703 1414 1763 altero

319 1787 437 1846 demum
459 1785 638 1845 condidisset
658 1793 757 1864 poeta,
785 1785 812 1843 h.
836 1805 860 1844 e.
883 1787 998 1845 circiter
1020 1806 1097 1845 anno
1124 1793 1154 1847 et
1176 1805 1229 1846 sex
1255 1789 1412 1848 mensibus

231 1943 235 1954 ι
318 1879 386 1951 post
410 1891 496 1930 suum
523 1889 561 1930 ex
582 1870 726 1948 Bithynia
751 1870 886 1943 reditum,
912 1873 966 1928 vix
992 1889 1059 1930 cum
1084 1878 1145 1930 tam
1172 1872 1357 1933 exacerbato
1381 1876 1412 1932 in

317 1957 493 2016 Memmium
510 1957 608 2014 animo
625 1954 757 2014 futurum
773 1956 865 2014 fuisse
882 1956 1065 2015 arbitramur.
1102 1954 1229 2035 denique
1240 1958 1411 2019 Veranium

316 2042 547 2120 Fabullumque,
575 2059 668 2119 aeque
694 2048 783 2120 atque
810 2039 973 2112 Catullum,
999 2044 1032 2098 in
1058 2041 1175 2100 cohorte
1200 2047 1412 2120 propraetoris,
1469 2061 1470 2086 ¹

315 2148 379 2188 non
395 2126 579 2206 proconsulis
597 2125 688 2185 fuisse
705 2126 805 2185 nescio
823 2146 862 2183 an
881 2145 947 2184 cum
964 2125 1070 2184 Ellisio
1089 2134 1241 2184 comment.
1260 2146 1290 2204 p.
1311 2129 1356 2185 72
1375 2148 1411 2188 er

317 2213 364 2272 his
377 2212 476 2273 verbis
491 2211 537 2270 ‘ut
550 2211 632 2282 mihi,
646 2213 697 2289 qui
706 2229 804 2270 meum
813 2217 929 2270 secutus
938 2210 1121 2270 Praetorem’
1135 2209 1172 2287 (c.
1182 2211 1330 2271 XXVIII
1347 2210 1411 2287 Is.)

316 2297 511 2377 probabiliter
527 2296 629 2371 coIIIgi
642 2297 741 2375 possit.
767 2302 871 2354 contra
883 2295 956 2354 haec
974 2315 1034 2354 non
1045 2295 1170 2354 multum
1184 2296 1273 2368 valet,
1293 2300 1409 2374 opinor,

318 2381 398 2460 quod
411 2384 532 2440 nomina
544 2401 665 2455 vappae,
683 2399 795 2456 serpae,
813 2383 894 2455 verpa'
905 2382 1016 2456 Pnups,
1031 2381 1137 2459 quibus
1153 2379 1289 2440 Catullus
1302 2381 1409 2442 Pisoni

317 2466 442 2525 insultat
468 2465 623 2540 (XXVIII
645 2465 671 2523 5.
696 2466 744 2522 12.
765 2463 888 2525 XLVII
909 2463 955 2541 4),
982 2466 1112 2525 moribus
1133 2465 1168 2524 L.
1191 2466 1310 2524 Pisonis
1337 2467 1411 2528 Cae

280 2540 287 2560 ⁸
318 2553 425 2622 semini,
448 2550 550 2629 quales
568 2569 586 2607 a
604 2549 746 2609 Cicerone
769 2557 841 2608 orat.
864 2551 897 2608 in
914 2550 974 2609 Pis.
997 2549 1073 2624 §42
1096 2558 1125 2610 et
1148 2551 1187 2608 69
1211 2557 1240 2609 et
1261 2549 1300 2611 de
1322 2572 1409 2630 prov.
1469 2621 1470 2624 Ἴ

319 2635 429 2694 consul.
453 2635 470 2708 §
488 2635 507 2692 6
531 2633 743 2707 describuntur,
766 2637 955 2708 conveniunt,
976 2638 1132 2713 minusque
1155 2637 1243 2694 etiam
1264 2636 1409 2712 ponderis

317 2721 425 2799 reliqui
451 2719 509 2778 loci
534 2718 643 2778 habere
674 2719 747 2777 mibi
772 2718 911 2779 videntur
936 2740 955 2778 a
980 2720 1135 2779 Schwabio
1165 2741 1192 2799 p.
1221 2720 1283 2777 247
1302 2740 1342 2780 ss.
1371 2721 1409 2780 ad
1469 2729 1470 2732 ’

317 2802 526 2866 stabiliendam
548 2803 774 2880 Iungclansseni
800 2806 976 2864 sententiam
1001 2824 1039 2864 ex
1066 2803 1169 2864 eodem
1195 2812 1310 2865 oratore
1339 2827 1408 2866 con·

318 2893 402 2969 gesti.
429 2890 475 2948 his
493 2890 634 2968 expositis
652 2887 691 2946 ad
703 2889 818 2967 reliqua
832 2908 907 2968 quac
920 2888 978 2948 huc
990 2891 1140 2967 pertinent
1157 2896 1294 2968 poemata
1303 2891 1408 2951 ordios

318 2974 485 3036 enarranda
499 2975 705 3034 convertimur.
732 2973 911 3032 carminibus
924 2973 973 3032 IX
987 2982 1016 3033 et
1028 2975 1110 3033 XIII
1124 2976 1247 3033 carmini
1260 2973 1408 3036 XXVIII

316 3071 447 3140 tempore
461 3060 602 3139 proximis
614 3065 732 3138 poetam
746 3057 869 3137 adparet
881 3058 1059 3137 respondere
1071 3058 1111 3118 ad
1123 3060 1282 3118 amicorum
1296 3062 1408 3138 epistu-

316 3149 362 3206 las
379 3146 486 3225 quibus
503 3165 570 3206 eum
588 3144 790 3204 salutaverant
806 3144 948 3222 brevique
961 3145 1073 3203 Romae
1091 3162 1154 3202 sese
1171 3142 1324 3204 adhrturos
1343 3165 1407 3206 esse
1469 3151 1470 3154 ’

317 3234 533 3290 nuntiaverant.
569 3237 658 3308 atque
674 3231 707 3288 in
723 3231 821 3307 priore
838 3227 957 3307 quidem
976 3228 1014 3287 ad
1031 3230 1192 3289 Veranium
1210 3231 1298 3288 misso
1320 3229 1407 3290 laeti·

316 3318 389 3373 tiam
407 3334 467 3393 qua
483 3333 514 3373 se
532 3314 610 3373 hunc
628 3314 666 3372 ob
684 3315 822 3372 nuntium
835 3312 974 3391 perfundi
986 3316 1075 3372 sentit
1092 3312 1293 3392 pulcherrimis
1310 3319 1406 3374 versi-

317 3400 372 3459 bus
390 3400 537 3477 exprimit.
563 3399 687 3457 alterum
705 3405 803 3457 autem
820 3416 937 3458 carmen
956 3397 994 3456 ad
1006 3398 1167 3458 Fabullum
1180 3397 1281 3457 datum
1297 3397 1407 3477 lepori·

317 3485 373 3544 bus
389 3483 536 3544 redundat
553 3503 588 3541 ac
605 3482 727 3541 facetiis.
755 3502 825 3540 nam
843 3503 909 3541 cum
921 3483 1066 3542 Fabullus
1078 3484 1203 3542 Romam
1220 3483 1406 3562 profecturus

319 3571 413 3628 amico
440 3569 588 3645 scripserit
612 3585 729 3645 sperare
755 3586 786 3626 se
812 3567 876 3627 fors
902 3573 935 3627 ut
964 3570 1067 3646 paucis
1098 3567 1201 3627 diebus
1232 3568 1312 3647 apud
1337 3588 1405 3630 eum

318 3673 423 3716 cenare
448 3654 548 3731 possit,
575 3653 672 3711 Iocose
697 3651 832 3711 rescribit
856 3660 952 3731 poeta,
979 3655 1004 3711 si
1029 3653 1106 3712 bene
1127 3653 1179 3712 ille
1205 3652 1285 3732 apud
1306 3655 1405 3732 ipsum

317 3757 424 3800 cenare
442 3739 549 3815 cupiat,
573 3738 600 3795 ei
617 3738 718 3795 omnia
734 3736 773 3795 ad
790 3736 822 3794 id
840 3739 1005 3796 necessaria
1027 3756 1126 3797 secum
1147 3737 1309 3797 adferenda
1330 3757 1404 3814 esse,

317 3846 385 3886 cnm
407 3825 499 3903 ipsius
522 3821 655 3881 sacculus
676 3821 782 3901 plenus
803 3841 977 3881 aranearum
1004 3823 1050 3881 sit.
1085 3843 1174 3902 quam
1195 3825 1315 3901 inopias
1336 3843 1404 3883 con·

316 3911 475 3971 fossionem
493 3908 603 3986 optime
620 3925 781 3984 congruere
801 3907 885 3966 vides
903 3927 970 3966 cum
992 3908 1034 3965 eis
1052 3927 1128 3986 quae
1147 3906 1280 3966 Catullus
1303 3909 1405 3987 paullo

317 4004 387 4054 ante
408 3997 526 4073 utrique
548 3995 642 4050 amico
666 3999 828 4070 aperuerat,
855 3992 912 4050 sibi
932 3994 966 4051 in
987 3991 1132 4070 Bithynia
1152 3992 1219 4070 plus
1242 4012 1404 4071 expensum

317 4100 407 4158 quam
433 4085 586 4158 acceptum
613 4096 676 4137 esso
703 4073 743 4151 (v.
766 4097 789 4135 c.
812 4076 955 4137 XXVIII
980 4077 998 4134 a
1022 4096 1043 4134 s.
1067 4098 1133 4136 cum
1156 4076 1254 4138 adnot.
1281 4076 1403 4152 critica).

315 4164 398 4244 quod
416 4172 513 4226 autem
529 4169 618 4242 pocta
633 4161 718 4221 addit
735 4180 766 4222 se
779 4172 962 4239 unguentum
975 4160 1104 4221 Fabullo
1119 4169 1221 4220 contra
1239 4161 1405 4223 oblaturum
