2968 4990
610 395 727 453 LIBER

619 585 690 651 LI.

342 703 401 770 Ille
419 703 464 768 mi
482 727 626 790 parasse
644 705 704 770 deo
722 704 857 782 videtur,

340 796 404 874 ille,
423 798 450 862 si
466 798 516 862 fas
534 810 590 874 est,
609 821 758 885 superare
777 800 877 876 divos,

342 891 399 974 qui
415 891 529 957 sedens
548 893 700 958 adversus
717 894 890 958 identidem
908 905 939 960 te

337 993 461 1068 spectat
478 995 510 1049 et
527 985 615 1049 audit

340 1168 436 1234 dulae
452 1170 618 1248 ridentem,
636 1170 751 1236 misero
768 1171 854 1256 quod
872 1174 975 1238 omnis

339 1262 433 1347 eripit
451 1285 561 1328 sensus
579 1265 671 1329 mihi:
693 1287 768 1328 nam
786 1266 879 1330 simul
899 1277 940 1342 te,

342 1354 472 1434 Lesbia,
491 1358 632 1443 adspexi,
650 1357 729 1423 nihil
748 1368 907 1444 estsuper
925 1360 969 1424 mi

342 1635 454 1722 lingua
471 1637 527 1702 sed
544 1647 657 1724 torpet,
676 1638 780 1704 tenuis
798 1639 859 1704 sub
877 1649 964 1706 artus

344 1730 472 1795 flamma
489 1732 647 1809 demanat,
667 1732 771 1796 sonitu
789 1743 900 1817 suopte

343 1823 494 1889 tintinant
511 1847 603 1890 aures
621 1826 778 1911 geminae,
794 1835 948 1911 teguntur

345 1916 466 1982 lumina
482 1927 585 1983 nocte.

344 2102 455 2180 otium,
474 2101 612 2180 Catulle,
630 2103 688 2168 tibi
706 2105 918 2171 molestumst:

347 2196 411 2260 otio
432 2198 554 2262 exultas
571 2197 768 2280 nimiumque
784 2199 894 2283 gestis.

344 2289 445 2353 otium
463 2299 494 2355 et
511 2312 604 2376 reges
621 2290 710 2376 prius
728 2302 760 2356 et
777 2291 886 2357 beatas

346 2383 483 2468 perdidit
499 2384 605 2449 urbes.

627 2733 704 2798 LII.

304 2849 395 2932 Quid
413 2861 471 2926 est,
490 2849 635 2915 Catulle?
657 2851 735 2934 quid
752 2853 883 2916 moraris
901 2853 1019 2919 emori?

302 2944 383 3010 sella
399 2945 433 3008 in
451 2944 552 3008 auruli
570 2955 691 3008 struma
707 2945 831 3009 Nonius
850 2945 948 3022 sedet,

304 3059 362 3123 per
379 3037 578 3101 consulatum
595 3036 732 3122 perierat
750 3037 911 3104 Vatinius:

301 3129 382 3216 quid
400 3139 458 3207 est,
476 3127 624 3195 Catulle?
646 3131 723 3214 quid
741 3131 873 3195 moraris
891 3131 1008 3196 emori?

619 3476 713 3542 LIII.

349 3596 418 3663 Risi
435 3595 542 3662 neseio
561 3617 657 3680 quem
675 3594 769 3660 modo
787 3618 805 3661 e
823 3617 949 3674 corona,

347 3691 414 3774 qui,
432 3711 505 3755 aum
522 3689 653 3756 minifiee
671 3690 843 3756 Vatiniana

348 3806 439 3852 meus
457 3783 590 3849 erimina
608 3781 729 3849 Calvus
748 3785 945 3869 explicasset,

346 3877 507 3948 admirans
525 3877 569 3942 ait
585 3877 664 3942 haee
682 3899 858 3960 manusque
876 3878 989 3944 tollens

346 3970 397 4035 ‘di
414 3969 533 4057 magni,
551 3971 744 4056 salaputium
763 3969 939 4036 disertuml’

583 4133 754 4149 *
