2954 4990
546 390 774 432 Pnonucorssrua
1163 386 1204 427 XV

114 511 203 570 huius
230 512 393 570 sententiae
420 509 490 569 olim
516 509 554 568 ab
581 507 706 569 Octavio
733 508 922 584 Pantagatho
949 505 1081 585 prolatae
1106 513 1206 583 patro-

117 599 226 656 cinium
249 603 447 674 susceperunt.
479 593 532 654 sed
552 601 586 653 ut
602 594 675 654 illuc
691 594 771 653 unde
790 594 850 652 abii
870 592 999 666 redeam,
1023 611 1135 650 summo
1154 588 1208 647 ad-

115 681 211 742 iectus
229 689 274 741 est
291 680 425 740 Catullus
443 679 552 753 dolore,
572 700 638 738 cum
660 681 750 739 etiam
767 679 879 738 Rufum
897 698 990 752 suum,
1010 679 1058 736 cui
1079 683 1113 735 ut
1134 677 1205 734 ami-

116 787 168 825 cus
191 768 284 825 amico
307 766 430 824 firmiter
451 765 578 824 confisus
601 773 689 838 esset,
712 765 780 824 dolo
802 763 880 823 malo
903 783 989 822 usum
1011 782 1078 821 cum
1095 761 1207 820 Lesbia

115 851 266 910 moechari
287 850 410 910 videret.
450 869 541 929 quare
568 869 636 909 cum
658 871 682 909 c.
704 850 858 909 LXXVII
884 851 964 908 vitae
990 866 1061 908 suae
1087 844 1208 905 crudele

115 956 265 996 venenum
284 944 372 1015 atque
389 943 502 1014 pestem
519 937 666 995 amicitiae
684 955 754 994 suae
773 938 803 1011 (i.
819 955 843 994 e.
862 933 989 994 foederis
1006 952 1073 992 cum
1086 931 1206 1002 Lesbia,

115 1030 151 1079 ut
171 1029 250 1081 recte
272 1024 482 1099 interpretatus
503 1027 548 1080 cst
564 1020 714 1099 Hauptius
737 1040 835 1098 opusc.
859 1021 884 1092 I,
908 1039 934 1097 p.
955 1016 1029 1093 215)
1047 1025 1141 1077 vocat.
1173 1023 1207 1074 ut
1314 1047 1318 1054 ·

117 1113 216 1165 autem
238 1107 295 1164 hoc
317 1109 529 1185 epigrammate
555 1105 644 1164 simul
665 1125 697 1164 oa
723 1107 862 1184 inpurum
883 1104 963 1163 Rufo
985 1103 1153 1182 exprobrat,
1181 1103 1208 1160 si

117 1191 238 1270 quidem
256 1210 359 1251 versus
379 1192 533 1249 7-10111
551 1189 700 1249 codicibus
724 1192 848 1249 carmini
864 1189 1037 1247 LXXVIII
1058 1188 1133 1246 falso
1156 1185 1207 1245 ad-

117 1294 211 1336 nexos
233 1285 313 1335 recte
333 1276 392 1334 buc
413 1277 529 1333 traiecit
552 1274 694 1351 Scaliger,
721 1277 765 1333 ita
786 1295 854 1334 eum
880 1294 904 1332 c.
926 1273 1035 1332 LXIX
1055 1281 1207 1351 tamquam

117 1361 233 1420 alarum
250 1362 333 1420 hirco
354 1360 538 1420 laborantem
557 1360 671 1418 deridet
692 1367 722 1418 et
740 1381 763 1418 c.
781 1360 857 1418 LIX
878 1367 999 1437 propter
1020 1357 1207 1435 inpudicissi·

116 1466 199 1504 mum
226 1465 293 1504 cum
315 1447 422 1504 misera
444 1445 571 1524 quadam
594 1445 768 1504 muliercula
794 1445 1002 1504 commercium
1027 1444 1210 1520 perstringit.

116 1538 271 1608 praeterea
295 1532 347 1609 qui
373 1550 438 1589 cum
465 1551 490 1588 c.
512 1529 666 1589 LXXVII
692 1532 898 1609 conparaverit
924 1550 947 1588 c.
974 1528 1128 1600 LXXIII,
1155 1527 1207 1585 ubi

116 1623 206 1694 poeta
224 1614 261 1673 de
279 1617 366 1674 amici
380 1615 540 1689 cuiusdam,
560 1618 644 1673 cuius
656 1635 766 1674 nomen
778 1636 839 1674 non
853 1614 957 1687 adfert,
976 1615 1093 1689 ingrato
1107 1615 1209 1672 animo

117 1700 224 1759 acerbe
250 1702 390 1779 queritur,
417 1703 470 1758 vix
497 1699 645 1759 dubitabit
670 1700 726 1760 hoc
748 1720 865 1780 quoque
887 1699 926 1758 ad
948 1698 1074 1758 eundem
1095 1698 1208 1756 Rufum

116 1784 235 1844 referre.
272 1784 351 1864 quod
373 1787 499 1845 sirecte
521 1805 552 1844 se
573 1785 670 1858 habet,
693 1785 726 1844 id
747 1788 927 1864 poematium
949 1804 1048 1844 eorum
1070 1802 1148 1862 quae
1170 1783 1209 1842 ad

116 1869 230 1928 Rufum
256 1872 405 1948 pertinent
430 1870 587 1931 manifesto
614 1873 742 1949 primum
769 1879 821 1944 est,
848 1871 1082 1950 perspiciturque
1109 1888 1147 1928 ex
1174 1888 1212 1928 co

117 1954 203 2013 illum
232 1956 382 2015 hominem
414 1957 542 2034 acceptis
571 1955 725 2015 beneficiis
758 1955 875 2015 Catullo
907 1955 1078 2014 obstrictum
1108 1954 1210 2014 fuisse.

116 2047 230 2099 restant
246 2061 343 2119 pauca
361 2043 424 2100 eius
441 2041 523 2099 modi
540 2033 679 2114 carmina,
703 2060 788 2119 quae,
812 2043 866 2100 etsi
883 2060 972 2119 quam
989 2041 1121 2098 maxima
1141 2059 1209 2118 pro-

116 2125 173 2185 bra
195 2128 348 2184 continent
369 2145 425 2184 nec
451 2128 544 2204 ipsius
566 2125 694 2184 Lesbiae
716 2125 814 2184 famae
839 2125 900 2184 ullo
927 2123 1014 2184 modo
1041 2124 1208 2198 consulunt,

116 2218 218 2270 tamen
236 2210 364 2289 quadam
381 2230 498 2290 quoque
515 2209 663 2269 hilaritate
682 2231 839 2289 conspersa
851 2209 1087 2289 tranquilliorem
1104 2221 1208 2287 poetae

119 2298 251 2354 animum
267 2295 404 2374 produnt.
433 2296 488 2355 sed
505 2304 551 2354 est
563 2315 597 2356 ea
614 2297 814 2375 tranquillitas
828 2315 904 2376 quae
916 2298 997 2356 vitae
1010 2296 1095 2373 quasi
1112 2293 1208 2354 undas

118 2389 149 2440 et
165 2386 354 2459 tempestates
372 2384 456 2460 sequi
473 2380 574 2440 soleat.
605 2383 706 2460 itaque
722 2385 780 2441 ista
803 2383 935 2442 carmina
956 2383 1088 2439 omniurn
1107 2388 1209 2440 contra

116 2466 226 2525 rivales
248 2467 404 2525 missorum
426 2474 558 2527 extrema
579 2485 643 2526 esse
664 2467 829 2528 iudicamus
854 2466 958 2546 illique
980 2467 1106 2543 tempori
1127 2469 1207 2525 attri»

116 2552 236 2612 buimus
255 2571 312 2630 quo
332 2550 467 2610 Catullus
489 2552 619 2630 puellam
641 2552 711 2611 olim
729 2573 748 2611 a
764 2572 796 2612 se
818 2560 947 2612 amatam
971 2552 1097 2610 ‘tantum
1117 2572 1207 2630 quan-

116 2644 181 2695 tum
200 2636 348 2695 amabitur
364 2636 459 2694 nulla’
482 2645 603 2716 propter
623 2637 821 2698 insanabilem
843 2640 905 2698 eius
923 2637 1131 2716 inpudicitiam
1148 2639 1207 2696 iam

118 2741 179 2781 non
196 2729 313 2799 poterat
333 2742 394 2780 non
416 2731 610 2783 contemnere.
642 2731 710 2782 sunt
732 2731 830 2784 autern
853 2725 984 2782 carmina
1001 2721 1161 2781 XXXVII
1179 2731 1209 2782 et

117 2805 268 2878 LXXIX,
291 2809 470 2885 inquorum
492 2807 584 2868 altero
606 2816 693 2886 poeta
716 2809 883 2868 ‘Lesbium'
905 2815 1024 2887 propter
1045 2807 1120 2864 illud
1142 2808 1207 2866 libi-

120 2892 198 2950 dinis
216 2911 311 2968 genus
329 2890 408 2970 quod
425 2892 519 2952 Attici
537 2891 738 2970 γλωττοποιεῖν
752 2894 901 2954 vocabant
919 2913 986 2952 cum
998 2891 1109 2950 Lesbia
1127 2911 1208 2951 exer·

120 2979 212 3035 citum
229 2974 345 3048 inridet,
365 2995 432 3034 oum
448 2979 481 3035 in
498 2980 596 3056 priore
614 2999 714 3038 omnes
732 2981 852 3037 omnino
868 2977 988 3055 puellae
1005 2976 1061 3036 sibi
1078 2977 1207 3038 infidelis

120 3066 265 3120 amatores
282 3062 414 3136 castiget.
442 3081 563 3140 quorum
578 3082 616 3122 ex
633 3065 748 3140 ingenti
765 3081 887 3121 numero
901 3080 988 3140 quem
1005 3081 1098 3119 unum
1115 3065 1207 3122 nomi-

119 3146 214 3204 natim
236 3143 333 3203 adfert
353 3145 517 3221 Egnatium
539 3145 732 3220 Celtiberum,
756 3145 882 3206 eundem
906 3146 1069 3220 cavillatur,
1093 3155 1123 3206 et
1145 3152 1207 3228 qui-

120 3230 188 3290 dem
210 3228 413 3304 consimiliter,
438 3233 533 3290 etiam·
548 3233 580 3290 in
603 3252 626 3291 c.
649 3232 808 3306 XXXIX,
830 3230 910 3291 unde
931 3232 987 3290 hoc
1009 3227 1134 3312 quoque¹
1148 3237 1208 3314 epi-

119 3317 292 3393 grammatis
318 3323 421 3374 contra
445 3315 555 3376 rivales
586 3319 701 3395 scriptis
728 3316 983 3378 adnumerandum
1009 3337 1064 3377 nec
1091 3318 1207 3380 diverso

118 3411 252 3478 tempore
272 3399 384 3459 factum
407 3420 470 3461 esse
492 3409 581 3479 patet.
618 3410 747 3462 ceterum
769 3403 933 3463 cavendum
955 3410 1000 3462 est
1020 3423 1059 3462 ne
1081 3405 1208 3464 salacem

120 3489 207 3544 istam
229 3485 383 3544 tabernam
405 3489 437 3545 in
459 3508 483 3546 c.
506 3487 665 3547 XXXVII
687 3497 941 3549 commemoratam
966 3509 1033 3548 cum
1058 3490 1211 3568 plerisque

120 3570 158 3630 de
174 3571 312 3650 lupanari
329 3580 381 3630 aut
398 3591 495 3648 ganea
512 3573 726 3650 intellegamus.
754 3578 862 3635 etenim
880 3573 933 3634 tali
950 3575 1015 3633 loco
1034 3576 1058 3632 si
1073 3574 1213 3656 Catullus.

120 3655 219 3715 dicere
235 3656 376 3716 voluisset
393 3658 533 3717 Lesbiam
552 3680 618 3718 cum
637 3660 817 3719 amatoribus
836 3661 895 3719 suis
914 3662 1081 3732 convenire,
1103 3680 1207 3738 parum

119 3748 189 3819 apte
206 3742 337 3818 profecto
360 3742 523 3802 addidisset
539 3743 697 3821 indIgnum
719 3744 883 3824 essequod
905 3745 951 3804 illi
972 3763 1073 3804 omnes
1095 3743 1212 3822 ‘pusilli

120 3834 150 3885 et
168 3828 309 3886 semitarii
331 3827 459 3886 moechi’
483 3836 588 3903 essent,
612 3830 719 3909 quibus
740 3830 839 3890 verbis
860 3831 994 3891 homines
1016 3829 1209 3906 designantur

120 3911 173 3989 qni
191 3931 256 3969 cum
270 3912 445 3990 vulgaribus
462 3914 643 3975 mulierculis
660 3935 722 3975 rem
736 3915 844 3975 habere
858 3923 1081 3976 consueverunt.
1108 3917 1211 3995 itaque

120 3995 194 4054 haec
220 3996 323 4070 verba,
350 3999 599 4077 quemadmodum
620 4000 718 4060 denuo
745 4001 921 4061 confirmant
942 3999 1022 4080 quod
1048 4019 1137 4078 supra
1158 4001 1208 4062 de·

121 4085 356 4156 monstravimus,
379 4084 519 4144 Lesbiam
542 4105 580 4145 ex
598 4104 632 4146 eo
654 4106 777 4146 numero
799 4107 859 4146 non
880 4086 979 4159 fnisse,
1003 4087 1045 4144 sic
1067 4086 1208 4148 tabernae

120 4184 229 4226 nornen
245 4170 363 4246 proprie
381 4169 492 4228 dictum
515 4179 619 4249 putare
636 4191 690 4232 nos
707 4180 818 4231 vetant.
853 4170 971 4231 videtur
990 4172 1081 4248 igitur
1104 4171 1212 4234 domus
