2976 5004
601 369 717 424 LIBER

149 488 331 574 dulciavnec
349 500 469 556 maesto
487 492 653 557 sustollens
672 492 763 576 signa
780 491 921 577 pareuti'

150 583 301 669 sospitem
319 584 534 650 Erechtheum
553 607 586 650 se
605 586 743 651 ostendit
759 587 860 651 visere
878 597 1015 672 portum.

149 699 287 760 namque
305 678 415 746 ferunt
430 680 515 755 olim,
534 690 639 744 castae
657 701 731 744 cum
748 681 874 745 moenia
892 681 984 746 divae

149 771 351 852 linquentem.
363 782 496 856 gnatum
514 773 616 839 ventis
634 774 838 838 concrederet
854 776 997 859 Aegeus,

150 864 226 928 talia
243 866 433 951 conplexum
451 867 559 932 iuveni
578 868 727 934 mandata
744 867 879 935 dedisse.

150 965 261 1042 ‘gnate
278 959 356 1024 mihi
374 961 471 1046 longa
487 960 653 1025 iucundior
670 962 763 1026 unice
780 962 856 1037 vita,

150 1061 257 1135 gnate,
276 1075 335 1137 ego
354 1073 449 1136 quem
467 1054 499 1117 in
518 1054 632 1118 dubios
651 1077 749 1139 cogor
765 1055 923 1120 dimittere
941 1077 1044 1134 casus,

149 1144 273 1210 reddite
291 1147 323 1210 in
343 1157 485 1212 extrema
502 1171 604 1233 nuper
622 1148 700 1211 mihi
717 1149 780 1213 fine
799 1160 954 1224 senectae,

151 1239 408 1323 quandoquidem
426 1241 553 1306 fortuna
571 1265 641 1306 mea
659 1264 697 1306 ac
715 1254 770 1306 tua
788 1242 911 1306 fervida
927 1242 1026 1309 virtus

151 1331 244 1416 cripit
261 1333 360 1398 invito
378 1333 455 1398 mihi
473 1345 514 1409 te,
533 1336 584 1400 cui
601 1335 753 1420 languida
770 1336 912 1400 nondum

150 1425 271 1492 lumina
288 1439 362 1492 suut
379 1428 467 1514 gnati
485 1451 558 1493 cara
576 1439 716 1493 saturata
733 1429 845 1514 figura,

150 1541 216 1584 non
235 1543 294 1606 ego
313 1533 344 1586 te
362 1522 505 1608 gaudens
524 1522 654 1588 laetanti
671 1533 799 1608 pectore
817 1523 950 1600 mittam,

150 1635 211 1678 nec
229 1624 259 1680 tc
277 1616 360 1680 ferre
377 1617 478 1681 sinam
497 1617 641 1682 fortunae
659 1617 751 1702 signa
768 1617 938 1692 secundae,

152 1707 208 1772 sed
225 1708 362 1792 primum
381 1711 496 1775 multas
514 1733 699 1796 expromam
717 1722 823 1776 moute
841 1710 1008 1794 querellas,

152 1801 300 1868 canitiem
317 1813 400 1868 terra
417 1814 513 1887 atquo
530 1804 635 1868 infuso
652 1805 785 1890 pulvere
802 1803 945 1880 foedans,

151 1894 225 1958 inde
242 1895 361 1961 infecta
377 1918 460 1982 vago
478 1898 669 1983 suspendam
686 1898 785 1963 lintea
802 1899 895 1973 malo,

151 1999 274 2052 nostros
292 2001 328 2053 ut
344 1989 449 2054 luctus
466 2001 656 2073 nostraeque
673 1991 821 2055 incendia
838 1991 953 2056 mentis

152 2082 303 2147 carbasus
321 2082 490 2148 obscurata
508 2083 600 2148 decet
616 2084 777 2169 ferrugine
795 2084 929 2149 Hibera.

152 2176 239 2259 quod
257 2176 314 2241 tibi
331 2177 358 2240 si
376 2177 477 2241 sancti
495 2177 685 2243 concesserit
700 2178 806 2242 incola
822 2177 917 2252 Itoni,

154 2291 237 2352 quae
255 2279 398 2334 nostrum
416 2293 518 2356 genus
537 2293 574 2335 ac
592 2271 684 2335 sedes
703 2271 873 2336 defendere
892 2269 1064 2339 Erechthei

153 2362 273 2440 adnuit,
291 2374 326 2427 ut
343 2365 425 2428 tauri
442 2385 609 2450 respergas
627 2365 783 2448 sanguiue
801 2364 956 2442 dextram,

153 2469 221 2522 tum
239 2479 314 2523 vero
332 2458 428 2523 facito
446 2469 481 2522 ut
499 2458 631 2524 memori
648 2458 707 2522 tibi
724 2459 851 2523 condita
868 2459 962 2525 corde

152 2550 232 2618 haec
249 2553 379 2637 vigeant
396 2554 545 2618 mandata
563 2576 622 2618 nec
639 2553 706 2618 ullo
723 2553 882 2619 oblitteret
899 2564 996 2631 aetas,

153 2657 190 2710 ut
207 2645 301 2711 simul
319 2670 357 2711 ac
373 2659 497 2712 nostros
515 2649 653 2713 invisent
669 2649 790 2713 lumina
808 2648 906 2724 collis,

153 2741 314 2806 funestam
331 2747 498 2806 antemnae
515 2743 677 2827 deponant
693 2744 834 2826 undiquc
851 2753 983 2819 vestem,

154 2833 353 2917 candidaque
370 2834 477 2898 intorti
494 2835 660 2899 sustollant
679 2837 750 2901 vela
766 2836 927 2912 rudentes,

153 2950 251 3011 quam
269 2928 406 3012 primum
424 2949 555 2993 cernens
572 2941 609 2992 ut
629 2930 713 2994 laeta
730 2929 849 3014 gaudia
865 2941 971 2994 mente

154 3022 357 3107 adgnoscam,
376 3043 448 3086 cum
467 3032 498 3086 to
515 3022 665 3087 reducem
683 3033 771 3086 actas
788 3043 940 3107 prospera
958 3021 1067 3088 sistet?

154 3114 233 3180 hacc
251 3116 401 3180 mandata
417 3115 505 3199 prius
522 3117 681 3180 constanti
696 3126 802 3181 mente
820 3125 979 3181 tenentem

155 3207 283 3274 Thesea
300 3230 359 3274 ceu
376 3209 487 3294 pulsae
505 3219 671 3274 ventorum
688 3208 815 3273 flamine
832 3208 935 3276 nubes

154 3302 274 3368 serium
291 3302 375 3366 nivei
392 3302 507 3367 montis
524 3302 644 3387 liquere
663 3324 825 3368 cacumen.

155 3407 188 3460 at
203 3401 304 3483 pater,
323 3407 359 3459 ut
376 3419 500 3461 summa
517 3406 720 3482 prospectum
737 3419 778 3460 ex
796 3417 867 3460 aroc
885 3396 1024 3481 petebat,

155 3490 250 3554 anxia
266 3490 300 3554 in
317 3489 467 3554 adsiduos
486 3490 658 3555 absumens
675 3489 797 3554 lumina
813 3489 916 3567 fletus,

154 3606 226 3649 cum
244 3583 383 3669 primum
400 3583 509 3649 infecti
527 3584 691 3669 conspexit
706 3584 804 3649 lintea
821 3583 893 3659 veli,

154 3677 358 3763 praecipitem
378 3699 447 3743 sese
465 3679 667 3763 scopulorum
685 3700 704 3744 e
721 3678 838 3743 vertice
855 3677 939 3755 iecit,

154 3771 305 3836 amissum
323 3772 454 3838 credens
471 3772 573 3836 inmiti
591 3771 718 3838 Thesea
734 3773 812 3837 fato.

154 3865 199 3930 sic
215 3864 343 3930 funesta
360 3866 473 3931 domus
491 3866 653 3952 ingressus
670 3877 754 3930 teoto
771 3876 904 3951 paterna

153 3968 254 4023 morte
271 3957 362 4023 ferox
379 3959 525 4025 Theseus
543 3959 669 4043 qualem
686 3959 825 4024 Minoidi
842 3959 965 4023 luctum

154 4051 312 4117 obtulerat
328 4064 433 4117 mente
450 4053 615 4118 inmemori
633 4053 729 4119 talem
746 4053 815 4138 ipse
833 4050 960 4136 recepit.

153 4166 238 4230 quae
254 4155 323 4211 tum
340 4158 544 4232 prospectans
563 4147 728 4212 cedentem
748 4155 870 4212 maesta
888 4145 1027 4211 carinam
