2954 4990
556 390 783 435 PROLBGOMBNA
1141 392 1219 434 nxm

130 530 189 592 que
210 509 314 571 eodem
334 510 435 570 ‘unico
457 511 621 588 magistro’,
644 519 677 570 ut
699 511 842 571 Catonem
862 510 1024 570 Bibaculus
1046 509 1220 590 adpellavit,

128 617 216 656 usum
233 615 305 670 esse,
325 600 445 675 eiusque
459 600 644 656 coniecturae
656 596 849 675 probabilitas
863 603 988 673 augetur
1001 615 1035 655 eo
1050 595 1129 675 quod
1143 597 1218 656 Cato

130 688 205 741 teste
219 681 361 741 Suetonio
380 700 418 739 ex
432 680 533 740 Gallia
547 681 688 741 oriundus
706 691 776 756 erat,
796 701 884 760 quam
900 679 1085 740 hauddubie
1102 682 1219 761 cisalpi

129 787 201 825 nam
218 764 450 843 intellegendam
467 785 531 826 esse
547 775 627 826 recte
644 766 761 826 videtur
777 766 889 825 dixisse
906 765 1040 825 Naekius
1062 764 1101 824 ad
1118 767 1221 826 Valer.

131 848 196 910 Cat.
217 871 246 930 p.
270 851 339 909 255.
375 859 438 911 erat
458 853 561 928 igitur,
586 850 832 931 quemadmodum
854 851 991 910 Bibaculi
1013 849 1222 911 Cremonensis

129 945 160 994 et
179 935 301 1010 Cinnae,
324 943 358 994 ut
378 936 464 995 nobis
486 936 604 1016 quidem
625 936 750 1010 videtur,
772 937 917 1010 Brixiani,
940 937 982 994 sic
1004 937 1094 995 etiam
1115 945 1222 1015 poetae

128 1020 310 1080 Veronensis
327 1021 487 1100 popularis.
524 1029 612 1100 atque
630 1025 707 1080 inter
724 1025 854 1080 carmina
873 1019 1043 1080 Catulliana
1059 1042 1152 1079 unum
1170 1030 1220 1080 ex'·

130 1113 182 1179 tat,
199 1105 282 1179 LVI,
300 1105 380 1185 quod
395 1105 502 1165 Catoni
516 1106 633 1164 cuidam
650 1108 823 1184 inscriptum
841 1113 891 1164 est.
919 1125 1006 1184 quem
1024 1125 1084 1164 non
1103 1113 1221 1165 cuncta-

130 1209 197 1249 mur
214 1211 280 1250 cum
294 1190 448 1250 Schwabio
462 1211 490 1269 p.
506 1191 567 1248 306
582 1210 619 1249 ss.
634 1190 758 1268 aliisque
771 1211 824 1268 pro
842 1192 1032 1265 grammatico
1051 1193 1220 1267 cognomini

130 1274 247 1335 habere.
287 1295 325 1334 ne
352 1279 418 1354 quis
445 1277 525 1334 enim
555 1294 589 1335 eo
620 1274 751 1334 offendat
776 1274 856 1354 quod
882 1274 1031 1334 Catullum
1059 1275 1224 1335 versiculos

131 1359 354 1419 obscenissimes
380 1359 420 1418 ad
440 1367 659 1439 praeceptorem
682 1358 830 1438 qnondam
853 1379 938 1419 suum
957 1360 1072 1418 misisse
1100 1359 1222 1420 arbitre-

130 1465 211 1503 mur:
239 1446 450 1523 epigrammata
475 1446 561 1504 Furii
589 1444 726 1504 Bibaculi
752 1465 770 1503 a
796 1445 937 1504 Suetonio
964 1444 1118 1503 nobiscum
1143 1465 1234 1508 com·.

130 1531 282 1588 municata
294 1529 445 1589 Valerium
461 1527 603 1590 Catonem
615 1529 745 1608 produnt
757 1533 790 1588 in
802 1549 835 1588 re
851 1528 991 1588 familiari
1006 1528 1222 1589 dissolutionem

129 1615 224 1674 fuisse
241 1633 404 1693 parumque
417 1617 511 1672 vitam
528 1634 613 1674 suam
630 1613 669 1673 ad
685 1617 808 1673 rationis
824 1634 959 1674 normam
974 1613 1131 1687 derexisse,
1150 1635 1220 1693 qua-

130 1699 206 1758 lium
231 1698 385 1758 hominum
411 1698 507 1777 pudor
532 1698 607 1758 solet
632 1700 729 1759 minor
754 1718 825 1772 esse,
852 1701 974 1778 ipseque
995 1696 1130 1761 Catullus
1153 1719 1222 1760 eum

132 1803 221 1864 quem
246 1783 415 1864 adloquitur
445 1784 673 1843 narratiunculis
700 1785 836 1864 quamvis
865 1785 1000 1862 turpibus
1030 1784 1225 1844 vehementer

132 1868 272 1928 delectari
290 1869 448 1946 significat.
483 1867 557 1928 Cato
574 1869 624 1928 hic
641 1877 756 1948 praeter
773 1873 979 1946 grammaticos
996 1867 1112 1928 libellos
1130 1873 1222 1928 etiam

131 1962 267 2033 poemata
293 1955 417 2033 scripsit,
444 1974 569 2033 quorum
594 1953 653 2012 duo
680 1953 839 2014 Suetonius
865 1955 1040 2012 nominatim
1067 1953 1162 2014 adfert
1187 1961 1224 2012 ut

133 2042 291 2118 praecipue
319 2039 450 2118 probata,
477 2038 607 2117 Lydiam
633 2045 663 2097 et
683 2038 815 2097 Dianam
840 2039 903 2098 sive
924 2039 1118 2116 Dictynnam,
1145 2041 1223 2098 sicut

130 2143 198 2184 eam
211 2123 309 2190 Cinna
327 2122 457 2203 adpellat
469 2126 502 2182 in
515 2123 693 2183 hexametro.
719 2123 757 2182 de
770 2123 877 2203 quibus
890 2124 1034 2202 poematis
1048 2125 1103 2181 etsi
1116 2143 1223 2201 parum

130 2210 218 2269 nobis
239 2208 380 2268 traditum
402 2216 455 2282 est,
481 2216 580 2268 tamen
601 2211 681 2286 ipsos
703 2227 803 2268 eorum
828 2208 927 2267 titulos
949 2207 1221 2267 Alexandrinorum

130 2301 285 2373 poetarum
303 2293 530 2353 aemulationem
547 2292 671 2372 prodere
687 2302 766 2353 recte
780 2293 856 2352 dixit
869 2292 1030 2352 Merkelius
1043 2291 1224 2371 prolusioni's

132 2379 170 2438 ad
179 2379 250 2438 Ibin
262 2400 290 2457 p.
301 2380 371 2438 363.
390 2387 420 2438 et
427 2379 557 2437 Dianam
568 2378 688 2458 quidem
701 2399 819 2439 carmen
832 2377 1033 2456 mythologice
1048 2384 1224 2455 argumento

131 2464 231 2539 fuisse,
257 2467 290 2523 in
312 2485 370 2544 quo
391 2463 602 2524 reconditiores
624 2463 769 2544 quaedam
792 2463 829 2523 do
849 2463 905 2523 hac
928 2463 984 2523 dea
1004 2462 1124 2523 fabulae
1145 2470 1221 2523 trac

130 2556 271 2620 tarentur,
293 2558 412 2629 propter
430 2551 609 2629 exquisitum
625 2569 734 2608 nomen
751 2550 930 2627 Dictynnae,
953 2569 1011 2629 quo
1031 2549 1129 2609 Cinna
1149 2568 1220 2608 usus

133 2642 184 2708 est,
202 2634 290 2694 facile
306 2634 424 2694 Naelrio
442 2634 462 2694 l.
479 2655 502 2694 o.
520 2656 549 2714 p.
565 2636 626 2693 272
645 2634 798 2694 credimus.
832 2634 962 2712 Lydiam
980 2633 1084 2693 itidem
1101 2634 1222 2693 doctum

133 2739 205 2800 opus
221 2719 312 2778 fuisse
326 2719 434 2778 Ticida
450 2723 572 2799 insuper
585 2718 740 2778 confirmat
751 2719 808 2780 hoo
821 2719 974 2792 versiculo,
994 2719 1108 2796 ‘Lydia
1121 2717 1219 2777 docto

132 2824 199 2862 rum
215 2807 346 2863 maxima
364 2825 434 2862 cura
454 2803 547 2864 liber?
582 2823 678 2884 neque
701 2803 838 2883 equidem
854 2803 957 2863 dubito
975 2807 1048 2882 quin
1066 2803 1114 2862 hic
1135 2803 1223 2877 liber,

134 2889 267 2949 similiter
292 2897 380 2967 atque
403 2888 535 2967 Cynthia
555 2889 716 2968 Propertii,
743 2907 780 2948 ex
807 2887 996 2966 conpluribus
1023 2887 1126 2964 elegiis
1152 2907 1221 2946 eon-

133 2975 248 3046 stiterit,
266 2973 373 3050 quibus
392 2972 466 3032 Cato
485 2976 642 3052 praecipue
660 2993 789 3032 amorem
806 2993 891 3032 suum
907 2972 1039 3030 mulieris
1060 2971 1222 3033 celebraret

134 3059 182 3117 cui
195 3075 303 3117 nomen
317 3055 473 3116 indidisset
480 3057 605 3136 Lydiae,
619 3059 791 3136 praesertim
805 3075 872 3115 oum
883 3054 1010 3117 Ovidius
1022 3057 1096 3114 trist.
1110 3056 1218 3116 11436
1304 3079 1306 3088 ⁴

132 3163 201 3203 eum
218 3143 295 3201 inter
311 3141 423 3201 levium
440 3145 603 3201 carminum
616 3145 824 3202 amatoriorum
836 3148 970 3200 auctores
983 3140 1099 3214 referat,
1118 3148 1222 3220 estque

132 3227 164 3286 id
191 3236 221 3287 et
243 3247 261 3286 a
282 3226 470 3286 Broukhusio
498 3227 537 3286 ad
557 3227 690 3306 Propert.
715 3247 744 3306 p.
770 3230 786 3284 1
815 3236 844 3286 et
871 3225 908 3284 ab
935 3225 1001 3284 aliis
1027 3233 1219 3305 perspectum.

133 3311 381 3393 quomadmodum
399 3319 497 3371 autem
515 3312 589 3372 Cato
611 3315 643 3372 in
667 3311 783 3371 delectu
804 3318 1043 3388 argumentorum
1064 3308 1224 3390 rerumque

132 3399 307 3458 tractatione
325 3396 477 3458 doctorum
494 3405 648 3478 poetarum
665 3395 938 3456 Alexandrinorum
960 3399 1087 3473 vestigia
1104 3399 1220 3476 pressit,

131 3489 175 3544 ita
201 3481 319 3542 eosdem
344 3503 405 3541 non
430 3490 527 3562 potest
551 3503 613 3543 non
638 3485 671 3541 in
701 3499 838 3542 versuum
867 3481 1126 3561 conponendomrn
1157 3489 1226 3541 arte

134 3567 298 3627 aemulatus
322 3586 394 3627 esse.
430 3567 509 3647 quod
531 3567 650 3648 quidem
670 3587 731 3626 non
753 3566 841 3626 modo
862 3569 937 3626 ratio
959 3566 1155 3646 voluntasque
1177 3565 1220 3624 di-

132 3652 311 3732 scipulorum
323 3672 447 3731 quorum
466 3672 555 3732 supra
570 3655 758 3712 meminimus
776 3651 869 3726 docet,
888 3651 940 3712 sed
957 3655 1048 3712 etiam
1065 3671 1104 3711 ex
1120 3657 1225 3710 vetere

134 3736 260 3816 quodam
278 3739 445 3796 testimonio
461 3746 540 3798 recte
561 3737 711 3798 intellecto
734 3739 927 3814 cognoscitur.
961 3744 1122 3815 utcumque
1140 3737 1220 3793 enim

134 3821 171 3882 de
189 3830 252 3881 octo
269 3822 329 3880 illis
347 3823 482 3882 versibus
500 3825 636 3882 statuitur
648 3823 768 3880 Horatii
785 3824 892 3882 satirae
907 3821 1038 3881 decimae
1049 3821 1119 3880 libri
1132 3821 1222 3899 primi

132 3908 166 3965 in
181 3928 243 3966 nou
259 3906 349 3966 nullis
367 3907 517 3967 codicibus
534 3908 711 3985 praemissis,
735 3915 813 3966 certe
825 3906 913 3966 rebus
930 3906 974 3964 ibi
988 3908 1220 3965 commemoratis

133 4010 220 4051 nemo
237 3991 325 4050 facile
343 3990 432 4051 fidem
449 3991 612 4069 derogabit
643 3990 713 4050 inde
727 3991 871 4051 Catonem
888 3991 1082 4069 comperimus
1099 3989 1219 4063 Lucilii,

134 4079 216 4136 cuius
239 4075 376 4137 defensor
397 4085 482 4149 esset,
509 4095 631 4136 versus
652 4075 743 4135 male
764 4077 880 4135 factos
907 4073 1092 4135 emendare
1117 4095 1220 4155 para·

131 4163 237 4220 visse.
276 4160 397 4221 volebat
428 4164 519 4240 igitur
548 4169 653 4241 poetae
685 4163 818 4240 antiquo,
852 4162 935 4220 euius
965 4161 1088 4220 virtutes
1118 4163 1223 4239 magni
