<?xml version="1.0" encoding="UTF-8"?>
<!DOCTYPE html PUBLIC "-//W3C//DTD XHTML 1.0 Transitional//EN"
    "http://www.w3.org/TR/xhtml1/DTD/xhtml1-transitional.dtd">
<html xmlns="http://www.w3.org/1999/xhtml" xml:lang="en" lang="en">
 <head>
  <title>
</title>
<meta http-equiv="Content-Type" content="text/html;charset=utf-8" />
  <meta name='ocr-system' content='tesseract 3.04.00' />
  <meta name='ocr-capabilities' content='ocr_page ocr_carea ocr_par ocr_line ocrx_word'/>
</head>
<body>
  <div class='ocr_page' id='page_1' title='image "./carmina01schmgoog_0050.png"; bbox 0 0 2954 4990; ppageno 0'>
   <div class='ocr_carea' id='block_1_1' title="bbox 565 338 1227 382">
    <p class='ocr_par' dir='ltr' id='par_1_1' title="bbox 565 338 1227 382">
     <span class='ocr_line' id='line_1_1' title="bbox 565 338 1227 382; baseline 0.002 -3"><span class='ocrx_word' id='word_1_1' title='bbox 565 338 792 382; x_wconf 68' lang='lat' dir='ltr'>Pronnsorturte</span> <span class='ocrx_word' id='word_1_2' title='bbox 1149 340 1227 381; x_wconf 83' lang='lat' dir='ltr'>XLIII</span> 
     </span>
    </p>
   </div>
   <div class='ocr_carea' id='block_1_2' title="bbox 131 454 1250 4195">
    <p class='ocr_par' dir='ltr' id='par_1_2' title="bbox 131 454 1250 4195">
     <span class='ocr_line' id='line_1_2' title="bbox 136 454 1227 536; baseline 0.005 -25"><span class='ocrx_word' id='word_1_3' title='bbox 136 457 259 532; x_wconf 89' lang='lat' dir='ltr'>opponit</span> <span class='ocrx_word' id='word_1_4' title='bbox 276 461 310 513; x_wconf 88' lang='lat' dir='ltr'>ut</span> <span class='ocrx_word' id='word_1_5' title='bbox 326 454 410 514; x_wconf 89' lang='lat' dir='ltr'>illam</span> <span class='ocrx_word' id='word_1_6' title='bbox 427 457 460 514; x_wconf 91' lang='lat' dir='ltr'>in</span> <span class='ocrx_word' id='word_1_7' title='bbox 472 459 674 516; x_wconf 78' lang='lat' dir='ltr'>remotissimis</span> <span class='ocrx_word' id='word_1_8' title='bbox 692 456 862 533; x_wconf 87' lang='lat' dir='ltr'>regionibus</span> <span class='ocrx_word' id='word_1_9' title='bbox 876 464 906 516; x_wconf 89' lang='lat' dir='ltr'>et</span> <span class='ocrx_word' id='word_1_10' title='bbox 917 465 984 535; x_wconf 87' lang='lat' dir='ltr'>post</span> <span class='ocrx_word' id='word_1_11' title='bbox 995 456 1124 536; x_wconf 91' lang='lat' dir='ltr'>plurima</span> <span class='ocrx_word' id='word_1_12' title='bbox 1137 460 1227 518; x_wconf 91' lang='lat' dir='ltr'>etiam</span> 
     </span>
     <span class='ocr_line' id='line_1_3' title="bbox 137 538 1226 621; baseline 0.007 -25"><span class='ocrx_word' id='word_1_13' title='bbox 137 538 256 598; x_wconf 87' lang='lat' dir='ltr'>saecula</span> <span class='ocrx_word' id='word_1_14' title='bbox 273 539 382 600; x_wconf 89' lang='lat' dir='ltr'>lectum</span> <span class='ocrx_word' id='word_1_15' title='bbox 399 542 445 615; x_wconf 90' lang='lat' dir='ltr'>iri,</span> <span class='ocrx_word' id='word_1_16' title='bbox 468 541 638 602; x_wconf 67' lang='lat' dir='ltr'>hos‘autem</span> <span class='ocrx_word' id='word_1_17' title='bbox 662 542 810 602; x_wconf 81' lang='lat' dir='ltr'>‘Paduam</span> <span class='ocrx_word' id='word_1_18' title='bbox 827 541 867 600; x_wconf 91' lang='lat' dir='ltr'>ad</span> <span class='ocrx_word' id='word_1_19' title='bbox 882 543 999 621; x_wconf 86' lang='lat' dir='ltr'>ipsam&#39;,</span> <span class='ocrx_word' id='word_1_20' title='bbox 1018 545 1037 600; x_wconf 93' lang='lat' dir='ltr'>i.</span> <span class='ocrx_word' id='word_1_21' title='bbox 1056 561 1080 602; x_wconf 90' lang='lat' dir='ltr'>e.</span> <span class='ocrx_word' id='word_1_22' title='bbox 1104 546 1167 621; x_wconf 82' lang='lat' dir='ltr'>lpso</span> <span class='ocrx_word' id='word_1_23' title='bbox 1190 563 1226 604; x_wconf 90' lang='lat' dir='ltr'>eo</span> 
     </span>
     <span class='ocr_line' id='line_1_4' title="bbox 136 623 1226 706; baseline 0.006 -24"><span class='ocrx_word' id='word_1_24' title='bbox 136 623 201 684; x_wconf 88' lang='lat' dir='ltr'>loco</span> <span class='ocrx_word' id='word_1_25' title='bbox 219 625 270 684; x_wconf 91' lang='lat' dir='ltr'>ubi</span> <span class='ocrx_word' id='word_1_26' title='bbox 288 628 351 684; x_wconf 90' lang='lat' dir='ltr'>nati</span> <span class='ocrx_word' id='word_1_27' title='bbox 368 627 427 685; x_wconf 90' lang='lat' dir='ltr'>sint</span> <span class='ocrx_word' id='word_1_28' title='bbox 445 628 599 687; x_wconf 87' lang='lat' dir='ltr'>morituros</span> <span class='ocrx_word' id='word_1_29' title='bbox 617 627 815 706; x_wconf 67' lang='lat' dir='ltr'>membrisque</span> <span class='ocrx_word' id='word_1_30' title='bbox 832 627 917 688; x_wconf 86' lang='lat' dir='ltr'>laxas</span> <span class='ocrx_word' id='word_1_31' title='bbox 935 645 1023 706; x_wconf 84' lang='lat' dir='ltr'>saepe</span> <span class='ocrx_word' id='word_1_32' title='bbox 1041 630 1156 688; x_wconf 88' lang='lat' dir='ltr'>tunicas</span> <span class='ocrx_word' id='word_1_33' title='bbox 1175 628 1226 688; x_wconf 92' lang='lat' dir='ltr'>da·</span> 
     </span>
     <span class='ocr_line' id='line_1_5' title="bbox 135 712 1226 788; baseline 0.005 -23"><span class='ocrx_word' id='word_1_34' title='bbox 135 716 217 767; x_wconf 88' lang='lat' dir='ltr'>turos</span> <span class='ocrx_word' id='word_1_35' title='bbox 243 728 307 770; x_wconf 87' lang='lat' dir='ltr'>esse</span> <span class='ocrx_word' id='word_1_36' title='bbox 333 719 502 788; x_wconf 83' lang='lat' dir='ltr'>auguratur.</span> <span class='ocrx_word' id='word_1_37' title='bbox 541 712 598 772; x_wconf 94' lang='lat' dir='ltr'>hoc</span> <span class='ocrx_word' id='word_1_38' title='bbox 623 714 714 788; x_wconf 86' lang='lat' dir='ltr'>igitur</span> <span class='ocrx_word' id='word_1_39' title='bbox 744 733 782 772; x_wconf 89' lang='lat' dir='ltr'>ex</span> <span class='ocrx_word' id='word_1_40' title='bbox 812 714 941 772; x_wconf 87' lang='lat' dir='ltr'>carmine</span> <span class='ocrx_word' id='word_1_41' title='bbox 968 712 1124 771; x_wconf 91' lang='lat' dir='ltr'>Volusium</span> <span class='ocrx_word' id='word_1_42' title='bbox 1148 713 1226 772; x_wconf 92' lang='lat' dir='ltr'>Padi</span> 
     </span>
     <span class='ocr_line' id='line_1_6' title="bbox 135 793 1226 877; baseline 0.007 -27"><span class='ocrx_word' id='word_1_43' title='bbox 135 793 266 854; x_wconf 84' lang='lat' dir='ltr'>fluminis</span> <span class='ocrx_word' id='word_1_44' title='bbox 292 797 432 870; x_wconf 90' lang='lat' dir='ltr'>accolam,</span> <span class='ocrx_word' id='word_1_45' title='bbox 460 815 530 873; x_wconf 88' lang='lat' dir='ltr'>ergo</span> <span class='ocrx_word' id='word_1_46' title='bbox 554 797 665 858; x_wconf 90' lang='lat' dir='ltr'>Catulli</span> <span class='ocrx_word' id='word_1_47' title='bbox 691 806 728 870; x_wconf 87' lang='lat' dir='ltr'>et,</span> <span class='ocrx_word' id='word_1_48' title='bbox 755 805 789 856; x_wconf 93' lang='lat' dir='ltr'>ut</span> <span class='ocrx_word' id='word_1_49' title='bbox 814 797 939 870; x_wconf 89' lang='lat' dir='ltr'>videtur,</span> <span class='ocrx_word' id='word_1_50' title='bbox 968 795 1082 858; x_wconf 89' lang='lat' dir='ltr'>Cinnae</span> <span class='ocrx_word' id='word_1_51' title='bbox 1109 817 1226 877; x_wconf 92' lang='lat' dir='ltr'>quoque</span> 
     </span>
     <span class='ocr_line' id='line_1_7' title="bbox 135 879 1226 960; baseline 0.006 -24"><span class='ocrx_word' id='word_1_52' title='bbox 135 879 310 956; x_wconf 82' lang='lat' dir='ltr'>popularem</span> <span class='ocrx_word' id='word_1_53' title='bbox 335 881 427 942; x_wconf 86' lang='lat' dir='ltr'>fuisse</span> <span class='ocrx_word' id='word_1_54' title='bbox 448 885 650 960; x_wconf 84' lang='lat' dir='ltr'>comperimus.</span> <span class='ocrx_word' id='word_1_55' title='bbox 688 881 815 943; x_wconf 82' lang='lat' dir='ltr'>Cinnam</span> <span class='ocrx_word' id='word_1_56' title='bbox 837 884 916 942; x_wconf 91' lang='lat' dir='ltr'>enim</span> <span class='ocrx_word' id='word_1_57' title='bbox 938 883 1063 960; x_wconf 90' lang='lat' dir='ltr'>patriam</span> <span class='ocrx_word' id='word_1_58' title='bbox 1088 883 1226 943; x_wconf 88' lang='lat' dir='ltr'>habuisse</span> 
     </span>
     <span class='ocr_line' id='line_1_8' title="bbox 134 963 1225 1047; baseline 0.005 -26"><span class='ocrx_word' id='word_1_59' title='bbox 134 963 271 1024; x_wconf 83' lang='lat' dir='ltr'>Brixiam</span> <span class='ocrx_word' id='word_1_60' title='bbox 286 965 488 1043; x_wconf 86' lang='lat' dir='ltr'>Kiesslingius</span> <span class='ocrx_word' id='word_1_61' title='bbox 506 975 690 1028; x_wconf 80' lang='lat' dir='ltr'>commentat.</span> <span class='ocrx_word' id='word_1_62' title='bbox 712 969 744 1026; x_wconf 92' lang='lat' dir='ltr'>in</span> <span class='ocrx_word' id='word_1_63' title='bbox 766 968 834 1028; x_wconf 92' lang='lat' dir='ltr'>hon.</span> <span class='ocrx_word' id='word_1_64' title='bbox 852 968 910 1026; x_wconf 81' lang='lat' dir='ltr'>Th.</span> <span class='ocrx_word' id='word_1_65' title='bbox 927 967 1106 1027; x_wconf 88' lang='lat' dir='ltr'>Mommseni</span> <span class='ocrx_word' id='word_1_66' title='bbox 1128 971 1225 1047; x_wconf 90' lang='lat' dir='ltr'>script.</span> 
     </span>
     <span class='ocr_line' id='line_1_9' title="bbox 135 1048 1226 1129; baseline 0.005 -23"><span class='ocrx_word' id='word_1_67' title='bbox 135 1068 165 1125; x_wconf 88' lang='lat' dir='ltr'>p.</span> <span class='ocrx_word' id='word_1_68' title='bbox 189 1048 250 1108; x_wconf 81' lang='lat'>353</span> <span class='ocrx_word' id='word_1_69' title='bbox 269 1070 290 1109; x_wconf 92' lang='lat' dir='ltr'>s.</span> <span class='ocrx_word' id='word_1_70' title='bbox 316 1052 510 1129; x_wconf 79' lang='lat' dir='ltr'>probabiliter</span> <span class='ocrx_word' id='word_1_71' title='bbox 536 1055 645 1112; x_wconf 85' lang='lat' dir='ltr'>statuit.</span> <span class='ocrx_word' id='word_1_72' title='bbox 681 1053 804 1111; x_wconf 88' lang='lat' dir='ltr'>annales</span> <span class='ocrx_word' id='word_1_73' title='bbox 830 1061 928 1112; x_wconf 92' lang='lat' dir='ltr'>autem</span> <span class='ocrx_word' id='word_1_74' title='bbox 948 1052 1066 1112; x_wconf 85' lang='lat' dir='ltr'>Volusii</span> <span class='ocrx_word' id='word_1_75' title='bbox 1091 1053 1226 1112; x_wconf 88' lang='lat' dir='ltr'>versibus</span> 
     </span>
     <span class='ocr_line' id='line_1_10' title="bbox 135 1134 1227 1217; baseline 0.005 -26"><span class='ocrx_word' id='word_1_76' title='bbox 135 1134 262 1212; x_wconf 90' lang='lat' dir='ltr'>scriptos</span> <span class='ocrx_word' id='word_1_77' title='bbox 279 1134 371 1196; x_wconf 86' lang='lat' dir='ltr'>fuisse</span> <span class='ocrx_word' id='word_1_78' title='bbox 394 1157 460 1197; x_wconf 90' lang='lat' dir='ltr'>cum</span> <span class='ocrx_word' id='word_1_79' title='bbox 482 1136 553 1197; x_wconf 91' lang='lat' dir='ltr'>inde</span> <span class='ocrx_word' id='word_1_80' title='bbox 575 1137 703 1196; x_wconf 88' lang='lat' dir='ltr'>efficitur</span> <span class='ocrx_word' id='word_1_81' title='bbox 725 1136 804 1216; x_wconf 89' lang='lat' dir='ltr'>quod</span> <span class='ocrx_word' id='word_1_82' title='bbox 825 1145 913 1216; x_wconf 88' lang='lat' dir='ltr'>poeta</span> <span class='ocrx_word' id='word_1_83' title='bbox 934 1155 983 1196; x_wconf 88' lang='lat' dir='ltr'>eos</span> <span class='ocrx_word' id='word_1_84' title='bbox 1006 1157 1073 1196; x_wconf 87' lang='lat' dir='ltr'>cum</span> <span class='ocrx_word' id='word_1_85' title='bbox 1094 1137 1227 1217; x_wconf 82' lang='lat' dir='ltr'>Zmyrna</span> 
     </span>
     <span class='ocr_line' id='line_1_11' title="bbox 134 1220 1225 1301; baseline 0.006 -25"><span class='ocrx_word' id='word_1_86' title='bbox 134 1222 285 1298; x_wconf 80' lang='lat' dir='ltr'>conponit,</span> <span class='ocrx_word' id='word_1_87' title='bbox 309 1228 373 1280; x_wconf 89' lang='lat' dir='ltr'>tum</span> <span class='ocrx_word' id='word_1_88' title='bbox 392 1243 415 1280; x_wconf 94' lang='lat' dir='ltr'>c.</span> <span class='ocrx_word' id='word_1_89' title='bbox 434 1222 576 1283; x_wconf 89' lang='lat' dir='ltr'>XXXVI</span> <span class='ocrx_word' id='word_1_90' title='bbox 594 1222 791 1294; x_wconf 83' lang='lat' dir='ltr'>confirmatur,</span> <span class='ocrx_word' id='word_1_91' title='bbox 814 1221 853 1280; x_wconf 86' lang='lat' dir='ltr'>ad</span> <span class='ocrx_word' id='word_1_92' title='bbox 871 1220 951 1301; x_wconf 88' lang='lat' dir='ltr'>quod</span> <span class='ocrx_word' id='word_1_93' title='bbox 973 1243 1042 1281; x_wconf 86' lang='lat' dir='ltr'>mox</span> <span class='ocrx_word' id='word_1_94' title='bbox 1065 1222 1225 1301; x_wconf 89' lang='lat' dir='ltr'>disputatio</span> 
     </span>
     <span class='ocr_line' id='line_1_12' title="bbox 134 1305 1226 1386; baseline 0.005 -24"><span class='ocrx_word' id='word_1_95' title='bbox 134 1307 298 1380; x_wconf 83' lang='lat' dir='ltr'>perveniet.</span> <span class='ocrx_word' id='word_1_96' title='bbox 332 1325 430 1385; x_wconf 89' lang='lat' dir='ltr'>neque</span> <span class='ocrx_word' id='word_1_97' title='bbox 450 1327 521 1366; x_wconf 84' lang='lat' dir='ltr'>vero</span> <span class='ocrx_word' id='word_1_98' title='bbox 543 1306 666 1366; x_wconf 90' lang='lat' dir='ltr'>dubium</span> <span class='ocrx_word' id='word_1_99' title='bbox 689 1315 733 1367; x_wconf 89' lang='lat' dir='ltr'>est</span> <span class='ocrx_word' id='word_1_100' title='bbox 751 1309 822 1386; x_wconf 88' lang='lat' dir='ltr'>quin</span> <span class='ocrx_word' id='word_1_101' title='bbox 843 1305 877 1364; x_wconf 93' lang='lat' dir='ltr'>hi</span> <span class='ocrx_word' id='word_1_102' title='bbox 897 1307 1021 1366; x_wconf 87' lang='lat' dir='ltr'>annales</span> <span class='ocrx_word' id='word_1_103' title='bbox 1039 1306 1142 1366; x_wconf 89' lang='lat' dir='ltr'>eodem</span> <span class='ocrx_word' id='word_1_104' title='bbox 1164 1307 1226 1368; x_wconf 87' lang='lat' dir='ltr'>fere</span> 
     </span>
     <span class='ocr_line' id='line_1_13' title="bbox 134 1390 1227 1471; baseline 0.005 -26"><span class='ocrx_word' id='word_1_105' title='bbox 134 1397 269 1466; x_wconf 89' lang='lat' dir='ltr'>tempore</span> <span class='ocrx_word' id='word_1_106' title='bbox 286 1410 344 1469; x_wconf 94' lang='lat' dir='ltr'>quo</span> <span class='ocrx_word' id='word_1_107' title='bbox 364 1390 479 1452; x_wconf 89' lang='lat' dir='ltr'>Cinnae</span> <span class='ocrx_word' id='word_1_108' title='bbox 496 1392 629 1470; x_wconf 86' lang='lat' dir='ltr'>epyllion</span> <span class='ocrx_word' id='word_1_109' title='bbox 645 1392 725 1452; x_wconf 82' lang='lat' dir='ltr'>foras</span> <span class='ocrx_word' id='word_1_110' title='bbox 743 1394 803 1451; x_wconf 89' lang='lat' dir='ltr'>sint</span> <span class='ocrx_word' id='word_1_111' title='bbox 821 1390 892 1450; x_wconf 85' lang='lat' dir='ltr'>dati.</span> <span class='ocrx_word' id='word_1_112' title='bbox 928 1393 980 1471; x_wconf 93' lang='lat' dir='ltr'>qui</span> <span class='ocrx_word' id='word_1_113' title='bbox 997 1393 1056 1450; x_wconf 91' lang='lat' dir='ltr'>nisi</span> <span class='ocrx_word' id='word_1_114' title='bbox 1073 1398 1136 1451; x_wconf 89' lang='lat' dir='ltr'>tum</span> <span class='ocrx_word' id='word_1_115' title='bbox 1154 1396 1227 1451; x_wconf 93' lang='lat' dir='ltr'>novi</span> 
     </span>
     <span class='ocr_line' id='line_1_14' title="bbox 133 1471 1226 1555; baseline 0.007 -26"><span class='ocrx_word' id='word_1_116' title='bbox 133 1471 270 1548; x_wconf 80' lang='lat' dir='ltr'>fuissent,</span> <span class='ocrx_word' id='word_1_117' title='bbox 293 1475 420 1536; x_wconf 90' lang='lat' dir='ltr'>absurde</span> <span class='ocrx_word' id='word_1_118' title='bbox 441 1477 572 1555; x_wconf 89' lang='lat' dir='ltr'>profecto</span> <span class='ocrx_word' id='word_1_119' title='bbox 592 1476 726 1537; x_wconf 78' lang='lat' dir='ltr'>Catullus</span> <span class='ocrx_word' id='word_1_120' title='bbox 748 1476 910 1554; x_wconf 86' lang='lat' dir='ltr'>ignobilem</span> <span class='ocrx_word' id='word_1_121' title='bbox 932 1478 973 1536; x_wconf 90' lang='lat' dir='ltr'>eis</span> <span class='ocrx_word' id='word_1_122' title='bbox 995 1478 1027 1534; x_wconf 93' lang='lat' dir='ltr'>in</span> <span class='ocrx_word' id='word_1_123' title='bbox 1048 1477 1141 1536; x_wconf 87' lang='lat' dir='ltr'>natali</span> <span class='ocrx_word' id='word_1_124' title='bbox 1164 1477 1226 1537; x_wconf 92' lang='lat' dir='ltr'>solo</span> 
     </span>
     <span class='ocr_line' id='line_1_15' title="bbox 135 1558 1227 1641; baseline 0.005 -25"><span class='ocrx_word' id='word_1_125' title='bbox 135 1558 289 1618; x_wconf 88' lang='lat' dir='ltr'>interitum</span> <span class='ocrx_word' id='word_1_126' title='bbox 322 1561 525 1640; x_wconf 90' lang='lat' dir='ltr'>praedixisset.</span> <span class='ocrx_word' id='word_1_127' title='bbox 566 1570 695 1623; x_wconf 86' lang='lat' dir='ltr'>ceterum</span> <span class='ocrx_word' id='word_1_128' title='bbox 727 1561 806 1641; x_wconf 90' lang='lat' dir='ltr'>quod</span> <span class='ocrx_word' id='word_1_129' title='bbox 832 1582 859 1620; x_wconf 90' lang='lat' dir='ltr'>v.</span> <span class='ocrx_word' id='word_1_130' title='bbox 888 1563 906 1620; x_wconf 92' lang='lat'><strong>3</strong></span> <span class='ocrx_word' id='word_1_131' title='bbox 938 1560 1053 1621; x_wconf 88' lang='lat' dir='ltr'>codices</span> <span class='ocrx_word' id='word_1_132' title='bbox 1085 1561 1227 1621; x_wconf 85' lang='lat' dir='ltr'>exhibent</span> 
     </span>
     <span class='ocr_line' id='line_1_16' title="bbox 135 1644 1225 1725; baseline 0.004 -23"><span class='ocrx_word' id='word_1_133' title='bbox 135 1663 244 1703; x_wconf 89' lang='lat' dir='ltr'>nomen</span> <span class='ocrx_word' id='word_1_134' title='bbox 261 1644 422 1719; x_wconf 90' lang='lat' dir='ltr'>Hortensii,</span> <span class='ocrx_word' id='word_1_135' title='bbox 441 1646 474 1705; x_wconf 90' lang='lat' dir='ltr'>id</span> <span class='ocrx_word' id='word_1_136' title='bbox 491 1647 648 1708; x_wconf 88' lang='lat' dir='ltr'>manifesto</span> <span class='ocrx_word' id='word_1_137' title='bbox 666 1647 860 1725; x_wconf 89' lang='lat' dir='ltr'>depravatum</span> <span class='ocrx_word' id='word_1_138' title='bbox 877 1653 929 1706; x_wconf 89' lang='lat' dir='ltr'>est.</span> <span class='ocrx_word' id='word_1_139' title='bbox 961 1666 1031 1704; x_wconf 88' lang='lat' dir='ltr'>nam</span> <span class='ocrx_word' id='word_1_140' title='bbox 1047 1649 1136 1706; x_wconf 90' lang='lat' dir='ltr'>totius</span> <span class='ocrx_word' id='word_1_141' title='bbox 1149 1650 1225 1707; x_wconf 88' lang='lat' dir='ltr'>ratio</span> 
     </span>
     <span class='ocr_line' id='line_1_17' title="bbox 135 1730 1227 1811; baseline 0.005 -26"><span class='ocrx_word' id='word_1_142' title='bbox 135 1731 275 1789; x_wconf 85' lang='lat' dir='ltr'>carminis</span> <span class='ocrx_word' id='word_1_143' title='bbox 301 1730 482 1791; x_wconf 88' lang='lat' dir='ltr'>demonstrat</span> <span class='ocrx_word' id='word_1_144' title='bbox 504 1733 619 1791; x_wconf 89' lang='lat' dir='ltr'>nullum</span> <span class='ocrx_word' id='word_1_145' title='bbox 644 1742 761 1811; x_wconf 88' lang='lat' dir='ltr'>poetam</span> <span class='ocrx_word' id='word_1_146' title='bbox 785 1730 899 1792; x_wconf 91' lang='lat' dir='ltr'>Cinnae</span> <span class='ocrx_word' id='word_1_147' title='bbox 926 1733 1092 1810; x_wconf 89' lang='lat' dir='ltr'>oppositum</span> <span class='ocrx_word' id='word_1_148' title='bbox 1119 1751 1182 1791; x_wconf 90' lang='lat' dir='ltr'>esse</span> <span class='ocrx_word' id='word_1_149' title='bbox 1208 1753 1227 1791; x_wconf 88' lang='lat' dir='ltr'>a</span> 
     </span>
     <span class='ocr_line' id='line_1_18' title="bbox 138 1811 1226 1897; baseline 0.004 -25"><span class='ocrx_word' id='word_1_150' title='bbox 138 1811 255 1873; x_wconf 90' lang='lat' dir='ltr'>Catullo</span> <span class='ocrx_word' id='word_1_151' title='bbox 273 1826 390 1894; x_wconf 89' lang='lat' dir='ltr'>praeter</span> <span class='ocrx_word' id='word_1_152' title='bbox 406 1837 499 1876; x_wconf 90' lang='lat' dir='ltr'>unum</span> <span class='ocrx_word' id='word_1_153' title='bbox 516 1818 680 1878; x_wconf 90' lang='lat' dir='ltr'>Volusium.</span> <span class='ocrx_word' id='word_1_154' title='bbox 716 1825 805 1897; x_wconf 90' lang='lat' dir='ltr'>atque</span> <span class='ocrx_word' id='word_1_155' title='bbox 824 1816 861 1876; x_wconf 90' lang='lat' dir='ltr'>de</span> <span class='ocrx_word' id='word_1_156' title='bbox 880 1815 915 1890; x_wconf 76' lang='lat' dir='ltr'>Q.</span> <span class='ocrx_word' id='word_1_157' title='bbox 934 1816 1094 1876; x_wconf 90' lang='lat' dir='ltr'>Hortensio</span> <span class='ocrx_word' id='word_1_158' title='bbox 1113 1815 1226 1892; x_wconf 88' lang='lat' dir='ltr'>Ortalo,</span> 
     </span>
     <span class='ocr_line' id='line_1_19' title="bbox 135 1900 1227 1982; baseline 0.003 -24"><span class='ocrx_word' id='word_1_159' title='bbox 135 1906 251 1959; x_wconf 90' lang='lat' dir='ltr'>oratore</span> <span class='ocrx_word' id='word_1_160' title='bbox 273 1900 469 1975; x_wconf 86' lang='lat' dir='ltr'>celeberrimo,</span> <span class='ocrx_word' id='word_1_161' title='bbox 497 1922 586 1982; x_wconf 90' lang='lat' dir='ltr'>quem</span> <span class='ocrx_word' id='word_1_162' title='bbox 607 1903 763 1962; x_wconf 79' lang='lat' dir='ltr'>subsicivis</span> <span class='ocrx_word' id='word_1_163' title='bbox 786 1902 965 1981; x_wconf 89' lang='lat' dir='ltr'>temporibus</span> <span class='ocrx_word' id='word_1_164' title='bbox 986 1904 1134 1980; x_wconf 87' lang='lat' dir='ltr'>poematia</span> <span class='ocrx_word' id='word_1_165' title='bbox 1156 1922 1227 1981; x_wconf 88' lang='lat' dir='ltr'>quo-</span> 
     </span>
     <span class='ocr_line' id='line_1_20' title="bbox 135 1983 1226 2064; baseline 0.004 -22"><span class='ocrx_word' id='word_1_166' title='bbox 135 2003 195 2062; x_wconf 84' lang='lat' dir='ltr'>que</span> <span class='ocrx_word' id='word_1_167' title='bbox 217 1989 360 2046; x_wconf 89' lang='lat' dir='ltr'>amatoria</span> <span class='ocrx_word' id='word_1_168' title='bbox 382 1987 488 2047; x_wconf 87' lang='lat' dir='ltr'>fecisse</span> <span class='ocrx_word' id='word_1_169' title='bbox 510 1983 630 2061; x_wconf 82' lang='lat' dir='ltr'>scimus,</span> <span class='ocrx_word' id='word_1_170' title='bbox 654 1990 744 2047; x_wconf 90' lang='lat' dir='ltr'>etiam</span> <span class='ocrx_word' id='word_1_171' title='bbox 765 2007 846 2047; x_wconf 91' lang='lat' dir='ltr'>nunc</span> <span class='ocrx_word' id='word_1_172' title='bbox 868 1989 993 2064; x_wconf 87' lang='lat' dir='ltr'>cogitari</span> <span class='ocrx_word' id='word_1_173' title='bbox 1015 2007 1033 2044; x_wconf 91' lang='lat' dir='ltr'>a</span> <span class='ocrx_word' id='word_1_174' title='bbox 1054 2007 1114 2044; x_wconf 93' lang='lat' dir='ltr'>non</span> <span class='ocrx_word' id='word_1_175' title='bbox 1135 1986 1226 2046; x_wconf 90' lang='lat' dir='ltr'>nullis</span> 
     </span>
     <span class='ocr_line' id='line_1_21' title="bbox 135 2068 1226 2152; baseline 0.004 -26"><span class='ocrx_word' id='word_1_176' title='bbox 135 2068 326 2131; x_wconf 87' lang='lat' dir='ltr'>vehementer</span> <span class='ocrx_word' id='word_1_177' title='bbox 349 2075 447 2132; x_wconf 82' lang='lat' dir='ltr'>mIror.</span> <span class='ocrx_word' id='word_1_178' title='bbox 484 2075 535 2151; x_wconf 93' lang='lat' dir='ltr'>qui</span> <span class='ocrx_word' id='word_1_179' title='bbox 557 2093 615 2152; x_wconf 91' lang='lat' dir='ltr'>quo</span> <span class='ocrx_word' id='word_1_180' title='bbox 637 2072 724 2132; x_wconf 90' lang='lat' dir='ltr'>modo</span> <span class='ocrx_word' id='word_1_181' title='bbox 751 2071 810 2130; x_wconf 91' lang='lat' dir='ltr'>dici</span> <span class='ocrx_word' id='word_1_182' title='bbox 831 2074 960 2151; x_wconf 90' lang='lat' dir='ltr'>potuerit</span> <span class='ocrx_word' id='word_1_183' title='bbox 980 2071 1226 2130; x_wconf 89' lang='lat' dir='ltr'>innumerabilem</span> 
     </span>
     <span class='ocr_line' id='line_1_22' title="bbox 134 2154 1225 2234; baseline 0.005 -24"><span class='ocrx_word' id='word_1_184' title='bbox 134 2173 275 2214; x_wconf 86' lang='lat' dir='ltr'>versuum</span> <span class='ocrx_word' id='word_1_185' title='bbox 292 2176 448 2217; x_wconf 89' lang='lat' dir='ltr'>numerum</span> <span class='ocrx_word' id='word_1_186' title='bbox 465 2157 577 2218; x_wconf 85' lang='lat' dir='ltr'>fudisse</span> <span class='ocrx_word' id='word_1_187' title='bbox 595 2160 658 2218; x_wconf 90' lang='lat' dir='ltr'>sive</span> <span class='ocrx_word' id='word_1_188' title='bbox 675 2177 734 2217; x_wconf 90' lang='lat' dir='ltr'>uno</span> <span class='ocrx_word' id='word_1_189' title='bbox 753 2177 831 2217; x_wconf 90' lang='lat' dir='ltr'>anno</span> <span class='ocrx_word' id='word_1_190' title='bbox 854 2159 918 2216; x_wconf 91' lang='lat' dir='ltr'>sive</span> <span class='ocrx_word' id='word_1_191' title='bbox 940 2161 1019 2215; x_wconf 87' lang='lat' dir='ltr'>intra</span> <span class='ocrx_word' id='word_1_192' title='bbox 1036 2154 1069 2213; x_wconf 90' lang='lat' dir='ltr'>id</span> <span class='ocrx_word' id='word_1_193' title='bbox 1085 2160 1225 2234; x_wconf 88' lang='lat' dir='ltr'>temporis</span> 
     </span>
     <span class='ocr_line' id='line_1_23' title="bbox 134 2241 1226 2320; baseline 0.002 -24"><span class='ocrx_word' id='word_1_194' title='bbox 134 2241 266 2315; x_wconf 87' lang='lat' dir='ltr'>spatium</span> <span class='ocrx_word' id='word_1_195' title='bbox 288 2241 367 2320; x_wconf 91' lang='lat' dir='ltr'>quod</span> <span class='ocrx_word' id='word_1_196' title='bbox 394 2241 493 2302; x_wconf 82' lang='lat' dir='ltr'>Cinna</span> <span class='ocrx_word' id='word_1_197' title='bbox 518 2247 550 2302; x_wconf 93' lang='lat' dir='ltr'>in</span> <span class='ocrx_word' id='word_1_198' title='bbox 576 2241 757 2303; x_wconf 89' lang='lat' dir='ltr'>elaboranda</span> <span class='ocrx_word' id='word_1_199' title='bbox 782 2242 914 2320; x_wconf 88' lang='lat' dir='ltr'>Zmyrna</span> <span class='ocrx_word' id='word_1_200' title='bbox 940 2249 1162 2319; x_wconf 82' lang='lat' dir='ltr'>consumpserat</span> <span class='ocrx_word' id='word_1_201' title='bbox 1182 2273 1226 2282; x_wconf 91' lang='lat'><strong>—</strong></span> 
     </span>
     <span class='ocr_line' id='line_1_24' title="bbox 135 2327 1225 2407; baseline 0.005 -26"><span class='ocrx_word' id='word_1_202' title='bbox 135 2331 234 2382; x_wconf 87' lang='lat' dir='ltr'>utrum</span> <span class='ocrx_word' id='word_1_203' title='bbox 262 2329 340 2385; x_wconf 91' lang='lat' dir='ltr'>enim</span> <span class='ocrx_word' id='word_1_204' title='bbox 368 2327 476 2387; x_wconf 85' lang='lat' dir='ltr'>dixerit</span> <span class='ocrx_word' id='word_1_205' title='bbox 496 2335 585 2406; x_wconf 88' lang='lat' dir='ltr'>poeta</span> <span class='ocrx_word' id='word_1_206' title='bbox 607 2331 714 2388; x_wconf 90' lang='lat' dir='ltr'>amisso</span> <span class='ocrx_word' id='word_1_207' title='bbox 737 2330 789 2407; x_wconf 91' lang='lat' dir='ltr'>qui</span> <span class='ocrx_word' id='word_1_208' title='bbox 810 2327 1021 2407; x_wconf 88' lang='lat' dir='ltr'>insequebatur</span> <span class='ocrx_word' id='word_1_209' title='bbox 1041 2334 1225 2404; x_wconf 85' lang='lat' dir='ltr'>pentametro</span> 
     </span>
     <span class='ocr_line' id='line_1_25' title="bbox 134 2407 1226 2492; baseline 0.004 -26"><span class='ocrx_word' id='word_1_210' title='bbox 134 2407 293 2470; x_wconf 92' lang='lat' dir='ltr'>diiudicari</span> <span class='ocrx_word' id='word_1_211' title='bbox 310 2416 472 2491; x_wconf 88' lang='lat' dir='ltr'>nequit-</span> <span class='ocrx_word' id='word_1_212' title='bbox 490 2415 579 2492; x_wconf 92' lang='lat' dir='ltr'>plane</span> <span class='ocrx_word' id='word_1_213' title='bbox 596 2434 657 2472; x_wconf 91' lang='lat' dir='ltr'>non</span> <span class='ocrx_word' id='word_1_214' title='bbox 674 2413 824 2490; x_wconf 87' lang='lat' dir='ltr'>intellego.</span> <span class='ocrx_word' id='word_1_215' title='bbox 860 2412 968 2472; x_wconf 90' lang='lat' dir='ltr'>deinde</span> <span class='ocrx_word' id='word_1_216' title='bbox 986 2410 1122 2471; x_wconf 87' lang='lat' dir='ltr'>Ortalum</span> <span class='ocrx_word' id='word_1_217' title='bbox 1139 2410 1226 2470; x_wconf 91' lang='lat' dir='ltr'>illum</span> 
     </span>
     <span class='ocr_line' id='line_1_26' title="bbox 134 2493 1225 2574; baseline 0.003 -22"><span class='ocrx_word' id='word_1_218' title='bbox 134 2493 175 2552; x_wconf 89' lang='lat' dir='ltr'>ad</span> <span class='ocrx_word' id='word_1_219' title='bbox 192 2514 280 2574; x_wconf 86' lang='lat' dir='ltr'>quem</span> <span class='ocrx_word' id='word_1_220' title='bbox 299 2496 435 2558; x_wconf 87' lang='lat' dir='ltr'>Catullus</span> <span class='ocrx_word' id='word_1_221' title='bbox 453 2519 477 2557; x_wconf 88' lang='lat' dir='ltr'>c.</span> <span class='ocrx_word' id='word_1_222' title='bbox 492 2499 580 2558; x_wconf 88' lang='lat' dir='ltr'>LXV</span> <span class='ocrx_word' id='word_1_223' title='bbox 594 2501 674 2557; x_wconf 90' lang='lat' dir='ltr'>misit</span> <span class='ocrx_word' id='word_1_224' title='bbox 691 2497 818 2558; x_wconf 90' lang='lat' dir='ltr'>eundem</span> <span class='ocrx_word' id='word_1_225' title='bbox 831 2497 1025 2559; x_wconf 88' lang='lat' dir='ltr'>Hortensium</span> <span class='ocrx_word' id='word_1_226' title='bbox 1043 2516 1106 2556; x_wconf 90' lang='lat' dir='ltr'>esse</span> <span class='ocrx_word' id='word_1_227' title='bbox 1124 2516 1225 2572; x_wconf 82' lang='lat' dir='ltr'>omnes</span> 
     </span>
     <span class='ocr_line' id='line_1_27' title="bbox 134 2583 1225 2663; baseline 0.003 -24"><span class='ocrx_word' id='word_1_228' title='bbox 134 2584 331 2640; x_wconf 87' lang='lat' dir='ltr'>consentiunt.</span> <span class='ocrx_word' id='word_1_229' title='bbox 367 2584 440 2643; x_wconf 89' lang='lat' dir='ltr'>haec</span> <span class='ocrx_word' id='word_1_230' title='bbox 462 2586 554 2660; x_wconf 82' lang='lat' dir='ltr'>igitur</span> <span class='ocrx_word' id='word_1_231' title='bbox 575 2584 709 2663; x_wconf 89' lang='lat' dir='ltr'>epistula,</span> <span class='ocrx_word' id='word_1_232' title='bbox 732 2603 809 2663; x_wconf 89' lang='lat' dir='ltr'>quae</span> <span class='ocrx_word' id='word_1_233' title='bbox 831 2583 935 2644; x_wconf 90' lang='lat' dir='ltr'>eodem</span> <span class='ocrx_word' id='word_1_234' title='bbox 956 2584 1071 2642; x_wconf 89' lang='lat' dir='ltr'>circiter</span> <span class='ocrx_word' id='word_1_235' title='bbox 1092 2589 1225 2660; x_wconf 91' lang='lat' dir='ltr'>tempore</span> 
     </span>
     <span class='ocr_line' id='line_1_28' title="bbox 134 2663 1224 2746; baseline 0.004 -24"><span class='ocrx_word' id='word_1_236' title='bbox 134 2685 193 2742; x_wconf 90' lang='lat' dir='ltr'>quo</span> <span class='ocrx_word' id='word_1_237' title='bbox 221 2687 244 2725; x_wconf 82' lang='lat' dir='ltr'>c.</span> <span class='ocrx_word' id='word_1_238' title='bbox 270 2666 418 2741; x_wconf 90' lang='lat' dir='ltr'>LXVIII,</span> <span class='ocrx_word' id='word_1_239' title='bbox 445 2671 464 2727; x_wconf 90' lang='lat' dir='ltr'>i.</span> <span class='ocrx_word' id='word_1_240' title='bbox 491 2689 515 2729; x_wconf 90' lang='lat' dir='ltr'>e.</span> <span class='ocrx_word' id='word_1_241' title='bbox 547 2689 626 2729; x_wconf 89' lang='lat' dir='ltr'>anno</span> <span class='ocrx_word' id='word_1_242' title='bbox 654 2663 769 2746; x_wconf 71' lang='lat' dir='ltr'>sallao</span> <span class='ocrx_word' id='word_1_243' title='bbox 796 2677 927 2729; x_wconf 87' lang='lat' dir='ltr'>extremo</span> <span class='ocrx_word' id='word_1_244' title='bbox 959 2675 1011 2726; x_wconf 91' lang='lat' dir='ltr'>aut</span> <span class='ocrx_word' id='word_1_245' title='bbox 1041 2669 1224 2746; x_wconf 90' lang='lat' dir='ltr'>insequentis</span> 
     </span>
     <span class='ocr_line' id='line_1_29' title="bbox 135 2748 1223 2833; baseline 0.002 -27"><span class='ocrx_word' id='word_1_246' title='bbox 135 2748 258 2811; x_wconf 88' lang='lat' dir='ltr'>dimidio</span> <span class='ocrx_word' id='word_1_247' title='bbox 277 2755 373 2830; x_wconf 91' lang='lat' dir='ltr'>priore</span> <span class='ocrx_word' id='word_1_248' title='bbox 392 2756 500 2832; x_wconf 88' lang='lat' dir='ltr'>scripta</span> <span class='ocrx_word' id='word_1_249' title='bbox 513 2764 558 2813; x_wconf 92' lang='lat' dir='ltr'>est</span> <span class='ocrx_word' id='word_1_250' title='bbox 569 2752 659 2829; x_wconf 80' lang='lat' dir='ltr'>(conf.</span> <span class='ocrx_word' id='word_1_251' title='bbox 674 2773 752 2833; x_wconf 87' lang='lat' dir='ltr'>quae</span> <span class='ocrx_word' id='word_1_252' title='bbox 769 2775 859 2832; x_wconf 90' lang='lat' dir='ltr'>supra</span> <span class='ocrx_word' id='word_1_253' title='bbox 871 2775 899 2833; x_wconf 92' lang='lat' dir='ltr'>p.</span> <span class='ocrx_word' id='word_1_254' title='bbox 908 2754 958 2812; x_wconf 88' lang='lat' dir='ltr'>XI</span> <span class='ocrx_word' id='word_1_255' title='bbox 971 2760 1001 2812; x_wconf 91' lang='lat' dir='ltr'>et</span> <span class='ocrx_word' id='word_1_256' title='bbox 1013 2753 1122 2812; x_wconf 90' lang='lat' dir='ltr'>XXIV</span> <span class='ocrx_word' id='word_1_257' title='bbox 1138 2751 1223 2829; x_wconf 85' lang='lat' dir='ltr'>dixi),</span> 
     </span>
     <span class='ocr_line' id='line_1_30' title="bbox 135 2833 1225 2916; baseline 0.002 -23"><span class='ocrx_word' id='word_1_258' title='bbox 135 2833 270 2894; x_wconf 83' lang='lat' dir='ltr'>Ortalum</span> <span class='ocrx_word' id='word_1_259' title='bbox 284 2837 370 2897; x_wconf 87' lang='lat' dir='ltr'>docet</span> <span class='ocrx_word' id='word_1_260' title='bbox 386 2859 446 2897; x_wconf 90' lang='lat' dir='ltr'>non</span> <span class='ocrx_word' id='word_1_261' title='bbox 463 2842 506 2898; x_wconf 91' lang='lat' dir='ltr'>ita</span> <span class='ocrx_word' id='word_1_262' title='bbox 523 2840 616 2900; x_wconf 93' lang='lat' dir='ltr'>multo</span> <span class='ocrx_word' id='word_1_263' title='bbox 629 2847 698 2898; x_wconf 91' lang='lat' dir='ltr'>ante</span> <span class='ocrx_word' id='word_1_264' title='bbox 712 2840 749 2898; x_wconf 95' lang='lat' dir='ltr'>ah</span> <span class='ocrx_word' id='word_1_265' title='bbox 761 2839 878 2899; x_wconf 86' lang='lat' dir='ltr'>Catullo</span> <span class='ocrx_word' id='word_1_266' title='bbox 892 2839 1078 2916; x_wconf 88' lang='lat' dir='ltr'>petivissent</span> <span class='ocrx_word' id='word_1_267' title='bbox 1093 2838 1225 2895; x_wconf 90' lang='lat' dir='ltr'>carmina</span> 
     </span>
     <span class='ocr_line' id='line_1_31' title="bbox 135 2919 1225 3002; baseline 0.002 -24"><span class='ocrx_word' id='word_1_268' title='bbox 135 2919 311 2979; x_wconf 88' lang='lat' dir='ltr'>Callimachi</span> <span class='ocrx_word' id='word_1_269' title='bbox 323 2923 433 2982; x_wconf 89' lang='lat' dir='ltr'>Latino</span> <span class='ocrx_word' id='word_1_270' title='bbox 452 2944 584 2984; x_wconf 90' lang='lat' dir='ltr'>sermone</span> <span class='ocrx_word' id='word_1_271' title='bbox 602 2927 787 3002; x_wconf 84' lang='lat' dir='ltr'>exprimeret,</span> <span class='ocrx_word' id='word_1_272' title='bbox 806 2927 927 3002; x_wconf 87' lang='lat' dir='ltr'>eiusque</span> <span class='ocrx_word' id='word_1_273' title='bbox 943 2922 1089 2982; x_wconf 85' lang='lat' dir='ltr'>voluntati</span> <span class='ocrx_word' id='word_1_274' title='bbox 1105 2929 1225 2998; x_wconf 89' lang='lat' dir='ltr'>poetam</span> 
     </span>
     <span class='ocr_line' id='line_1_32' title="bbox 134 3005 1225 3087; baseline 0.004 -25"><span class='ocrx_word' id='word_1_275' title='bbox 134 3023 170 3063; x_wconf 91' lang='lat' dir='ltr'>eo</span> <span class='ocrx_word' id='word_1_276' title='bbox 188 3005 438 3084; x_wconf 88' lang='lat' dir='ltr'>obtemperavisse</span> <span class='ocrx_word' id='word_1_277' title='bbox 456 3017 488 3066; x_wconf 93' lang='lat' dir='ltr'>ut</span> <span class='ocrx_word' id='word_1_278' title='bbox 505 3011 776 3087; x_wconf 85' lang='lat' dir='ltr'>interpretationem</span> <span class='ocrx_word' id='word_1_279' title='bbox 801 3027 902 3067; x_wconf 91' lang='lat' dir='ltr'>comae</span> <span class='ocrx_word' id='word_1_280' title='bbox 919 3007 1076 3066; x_wconf 89' lang='lat' dir='ltr'>Berenices</span> <span class='ocrx_word' id='word_1_281' title='bbox 1095 3008 1225 3066; x_wconf 90' lang='lat' dir='ltr'>carmine</span> 
     </span>
     <span class='ocr_line' id='line_1_33' title="bbox 133 3089 1225 3170; baseline 0.004 -22"><span class='ocrx_word' id='word_1_282' title='bbox 133 3089 240 3150; x_wconf 87' lang='lat' dir='ltr'>LXVI</span> <span class='ocrx_word' id='word_1_283' title='bbox 253 3091 486 3170; x_wconf 90' lang='lat' dir='ltr'>conprehensam</span> <span class='ocrx_word' id='word_1_284' title='bbox 500 3096 609 3152; x_wconf 87' lang='lat' dir='ltr'>oratori</span> <span class='ocrx_word' id='word_1_285' title='bbox 621 3097 757 3152; x_wconf 90' lang='lat' dir='ltr'>mitteret.</span> <span class='ocrx_word' id='word_1_286' title='bbox 784 3095 818 3151; x_wconf 90' lang='lat' dir='ltr'>in</span> <span class='ocrx_word' id='word_1_287' title='bbox 831 3091 935 3153; x_wconf 89' lang='lat' dir='ltr'>eadem</span> <span class='ocrx_word' id='word_1_288' title='bbox 948 3090 1076 3169; x_wconf 89' lang='lat' dir='ltr'>epistula</span> <span class='ocrx_word' id='word_1_289' title='bbox 1089 3090 1225 3152; x_wconf 89' lang='lat' dir='ltr'>Catullus</span> 
     </span>
     <span class='ocr_line' id='line_1_34' title="bbox 132 3175 1224 3238; baseline 0.003 -4"><span class='ocrx_word' id='word_1_290' title='bbox 132 3193 203 3234; x_wconf 88' lang='lat' dir='ltr'>eum</span> <span class='ocrx_word' id='word_1_291' title='bbox 221 3175 258 3235; x_wconf 93' lang='lat' dir='ltr'>de</span> <span class='ocrx_word' id='word_1_292' title='bbox 275 3183 369 3236; x_wconf 90' lang='lat' dir='ltr'>morte</span> <span class='ocrx_word' id='word_1_293' title='bbox 386 3177 485 3236; x_wconf 85' lang='lat' dir='ltr'>fratris</span> <span class='ocrx_word' id='word_1_294' title='bbox 503 3180 549 3238; x_wconf 87' lang='lat' dir='ltr'>sui</span> <span class='ocrx_word' id='word_1_295' title='bbox 567 3181 720 3238; x_wconf 87' lang='lat' dir='ltr'>certiorem</span> <span class='ocrx_word' id='word_1_296' title='bbox 738 3177 810 3238; x_wconf 89' lang='lat' dir='ltr'>facit</span> <span class='ocrx_word' id='word_1_297' title='bbox 826 3179 869 3236; x_wconf 88' lang='lat' dir='ltr'>ita</span> <span class='ocrx_word' id='word_1_298' title='bbox 882 3185 915 3236; x_wconf 94' lang='lat' dir='ltr'>ut</span> <span class='ocrx_word' id='word_1_299' title='bbox 932 3194 1049 3237; x_wconf 91' lang='lat' dir='ltr'>omnem</span> <span class='ocrx_word' id='word_1_300' title='bbox 1062 3195 1224 3237; x_wconf 84' lang='lat' dir='ltr'>maerorem</span> 
     </span>
     <span class='ocr_line' id='line_1_35' title="bbox 133 3261 1224 3341; baseline 0.002 -21"><span class='ocrx_word' id='word_1_301' title='bbox 133 3281 220 3320; x_wconf 90' lang='lat' dir='ltr'>suum</span> <span class='ocrx_word' id='word_1_302' title='bbox 246 3262 279 3320; x_wconf 91' lang='lat' dir='ltr'>in</span> <span class='ocrx_word' id='word_1_303' title='bbox 300 3261 381 3321; x_wconf 90' lang='lat' dir='ltr'>illius</span> <span class='ocrx_word' id='word_1_304' title='bbox 403 3265 503 3323; x_wconf 89' lang='lat' dir='ltr'>animo</span> <span class='ocrx_word' id='word_1_305' title='bbox 527 3261 674 3341; x_wconf 87' lang='lat' dir='ltr'>deponere</span> <span class='ocrx_word' id='word_1_306' title='bbox 699 3263 843 3324; x_wconf 88' lang='lat' dir='ltr'>videatur.</span> <span class='ocrx_word' id='word_1_307' title='bbox 880 3261 960 3322; x_wconf 89' lang='lat' dir='ltr'>unde</span> <span class='ocrx_word' id='word_1_308' title='bbox 981 3263 1078 3320; x_wconf 89' lang='lat' dir='ltr'>virum</span> <span class='ocrx_word' id='word_1_309' title='bbox 1100 3261 1224 3322; x_wconf 88' lang='lat' dir='ltr'>clarissi-</span> 
     </span>
     <span class='ocr_line' id='line_1_36' title="bbox 132 3348 1250 3425; baseline 0.002 -21"><span class='ocrx_word' id='word_1_310' title='bbox 132 3366 215 3405; x_wconf 89' lang='lat' dir='ltr'>mum</span> <span class='ocrx_word' id='word_1_311' title='bbox 236 3353 266 3406; x_wconf 90' lang='lat' dir='ltr'>et</span> <span class='ocrx_word' id='word_1_312' title='bbox 287 3350 415 3407; x_wconf 90' lang='lat' dir='ltr'>amicum</span> <span class='ocrx_word' id='word_1_313' title='bbox 440 3349 545 3408; x_wconf 91' lang='lat' dir='ltr'>iuveni</span> <span class='ocrx_word' id='word_1_314' title='bbox 564 3349 730 3410; x_wconf 88' lang='lat' dir='ltr'>Veronensi</span> <span class='ocrx_word' id='word_1_315' title='bbox 757 3348 848 3408; x_wconf 86' lang='lat' dir='ltr'>fuisse</span> <span class='ocrx_word' id='word_1_316' title='bbox 870 3356 900 3407; x_wconf 95' lang='lat' dir='ltr'>et</span> <span class='ocrx_word' id='word_1_317' title='bbox 921 3367 1065 3409; x_wconf 90' lang='lat' dir='ltr'>novorum</span> <span class='ocrx_word' id='word_1_318' title='bbox 1087 3349 1139 3425; x_wconf 89' lang='lat' dir='ltr'>qui</span> <span class='ocrx_word' id='word_1_319' title='bbox 1160 3355 1224 3406; x_wconf 91' lang='lat' dir='ltr'>tum</span> <span class='ocrx_word' id='word_1_320' title='bbox 1244 3399 1250 3414; x_wconf 68' lang='lat'>,</span> 
     </span>
     <span class='ocr_line' id='line_1_37' title="bbox 136 3431 1224 3512; baseline 0.002 -22"><span class='ocrx_word' id='word_1_321' title='bbox 136 3431 310 3492; x_wconf 87' lang='lat' dir='ltr'>dicebantur</span> <span class='ocrx_word' id='word_1_322' title='bbox 331 3439 484 3512; x_wconf 89' lang='lat' dir='ltr'>poetarum</span> <span class='ocrx_word' id='word_1_323' title='bbox 507 3433 612 3493; x_wconf 87' lang='lat' dir='ltr'>studiis</span> <span class='ocrx_word' id='word_1_324' title='bbox 633 3433 743 3493; x_wconf 84' lang='lat' dir='ltr'>favisse</span> <span class='ocrx_word' id='word_1_325' title='bbox 768 3435 951 3512; x_wconf 87' lang='lat' dir='ltr'>perspicitur,</span> <span class='ocrx_word' id='word_1_326' title='bbox 978 3441 1011 3490; x_wconf 88' lang='lat' dir='ltr'>ut</span> <span class='ocrx_word' id='word_1_327' title='bbox 1032 3432 1114 3492; x_wconf 90' lang='lat' dir='ltr'>nullo</span> <span class='ocrx_word' id='word_1_328' title='bbox 1136 3433 1224 3492; x_wconf 90' lang='lat' dir='ltr'>modo</span> 
     </span>
     <span class='ocr_line' id='line_1_38' title="bbox 131 3517 1224 3597; baseline 0.001 -21"><span class='ocrx_word' id='word_1_329' title='bbox 131 3520 232 3596; x_wconf 88' lang='lat' dir='ltr'>putari</span> <span class='ocrx_word' id='word_1_330' title='bbox 252 3526 353 3597; x_wconf 87' lang='lat' dir='ltr'>posset</span> <span class='ocrx_word' id='word_1_331' title='bbox 372 3521 406 3577; x_wconf 93' lang='lat' dir='ltr'>in</span> <span class='ocrx_word' id='word_1_332' title='bbox 428 3539 452 3578; x_wconf 90' lang='lat' dir='ltr'>c.</span> <span class='ocrx_word' id='word_1_333' title='bbox 469 3518 557 3579; x_wconf 91' lang='lat' dir='ltr'>XCV</span> <span class='ocrx_word' id='word_1_334' title='bbox 574 3529 635 3578; x_wconf 91' lang='lat' dir='ltr'>tam</span> <span class='ocrx_word' id='word_1_335' title='bbox 656 3519 857 3579; x_wconf 89' lang='lat' dir='ltr'>inhumaniter</span> <span class='ocrx_word' id='word_1_336' title='bbox 877 3540 896 3578; x_wconf 92' lang='lat' dir='ltr'>a</span> <span class='ocrx_word' id='word_1_337' title='bbox 915 3517 1032 3578; x_wconf 87' lang='lat' dir='ltr'>Catullo</span> <span class='ocrx_word' id='word_1_338' title='bbox 1055 3521 1224 3594; x_wconf 86' lang='lat' dir='ltr'>exagitatus</span> 
     </span>
     <span class='ocr_line' id='line_1_39' title="bbox 132 3603 1223 3683; baseline 0 -22"><span class='ocrx_word' id='word_1_339' title='bbox 132 3621 205 3675; x_wconf 89' lang='lat' dir='ltr'>esse,</span> <span class='ocrx_word' id='word_1_340' title='bbox 223 3603 273 3662; x_wconf 89' lang='lat' dir='ltr'>vel</span> <span class='ocrx_word' id='word_1_341' title='bbox 290 3605 317 3662; x_wconf 91' lang='lat' dir='ltr'>si</span> <span class='ocrx_word' id='word_1_342' title='bbox 334 3603 390 3663; x_wconf 89' lang='lat' dir='ltr'>hoe</span> <span class='ocrx_word' id='word_1_343' title='bbox 407 3607 596 3683; x_wconf 83' lang='lat' dir='ltr'>epigramma,</span> <span class='ocrx_word' id='word_1_344' title='bbox 616 3612 649 3662; x_wconf 94' lang='lat' dir='ltr'>ut</span> <span class='ocrx_word' id='word_1_345' title='bbox 666 3605 867 3681; x_wconf 81' lang='lat' dir='ltr'>Kiesslingius</span> <span class='ocrx_word' id='word_1_346' title='bbox 885 3605 903 3664; x_wconf 90' lang='lat' dir='ltr'>l.</span> <span class='ocrx_word' id='word_1_347' title='bbox 923 3625 946 3664; x_wconf 92' lang='lat' dir='ltr'>c.</span> <span class='ocrx_word' id='word_1_348' title='bbox 965 3607 1110 3682; x_wconf 89' lang='lat' dir='ltr'>opinatur,</span> <span class='ocrx_word' id='word_1_349' title='bbox 1128 3603 1223 3661; x_wconf 90' lang='lat' dir='ltr'>tribus</span> 
     </span>
     <span class='ocr_line' id='line_1_40' title="bbox 131 3689 1224 3769; baseline 0.001 -23"><span class='ocrx_word' id='word_1_350' title='bbox 131 3695 309 3766; x_wconf 87' lang='lat' dir='ltr'>quattuorve</span> <span class='ocrx_word' id='word_1_351' title='bbox 330 3692 418 3748; x_wconf 91' lang='lat' dir='ltr'>annis</span> <span class='ocrx_word' id='word_1_352' title='bbox 440 3698 506 3769; x_wconf 92' lang='lat' dir='ltr'>post</span> <span class='ocrx_word' id='word_1_353' title='bbox 527 3710 552 3748; x_wconf 93' lang='lat' dir='ltr'>c.</span> <span class='ocrx_word' id='word_1_354' title='bbox 570 3690 659 3750; x_wconf 89' lang='lat' dir='ltr'>LXV</span> <span class='ocrx_word' id='word_1_355' title='bbox 681 3693 822 3769; x_wconf 85' lang='lat' dir='ltr'>scriptum</span> <span class='ocrx_word' id='word_1_356' title='bbox 844 3697 928 3750; x_wconf 88' lang='lat' dir='ltr'>esset.</span> <span class='ocrx_word' id='word_1_357' title='bbox 963 3689 1016 3748; x_wconf 92' lang='lat' dir='ltr'>sed</span> <span class='ocrx_word' id='word_1_358' title='bbox 1041 3707 1102 3746; x_wconf 91' lang='lat' dir='ltr'>non</span> <span class='ocrx_word' id='word_1_359' title='bbox 1124 3689 1167 3744; x_wconf 90' lang='lat' dir='ltr'>ita</span> <span class='ocrx_word' id='word_1_360' title='bbox 1192 3706 1224 3748; x_wconf 90' lang='lat' dir='ltr'>se</span> 
     </span>
     <span class='ocr_line' id='line_1_41' title="bbox 131 3771 1223 3855; baseline 0.001 -25"><span class='ocrx_word' id='word_1_361' title='bbox 131 3791 194 3832; x_wconf 89' lang='lat' dir='ltr'>rem</span> <span class='ocrx_word' id='word_1_362' title='bbox 211 3773 330 3847; x_wconf 89' lang='lat' dir='ltr'>habere,</span> <span class='ocrx_word' id='word_1_363' title='bbox 352 3777 441 3833; x_wconf 92' lang='lat' dir='ltr'>immo</span> <span class='ocrx_word' id='word_1_364' title='bbox 461 3796 483 3834; x_wconf 91' lang='lat' dir='ltr'>c.</span> <span class='ocrx_word' id='word_1_365' title='bbox 502 3775 589 3835; x_wconf 90' lang='lat' dir='ltr'>XCV</span> <span class='ocrx_word' id='word_1_366' title='bbox 605 3775 698 3834; x_wconf 90' lang='lat' dir='ltr'>multo</span> <span class='ocrx_word' id='word_1_367' title='bbox 720 3779 833 3835; x_wconf 90' lang='lat' dir='ltr'>minore</span> <span class='ocrx_word' id='word_1_368' title='bbox 849 3773 988 3855; x_wconf 87' lang='lat' dir='ltr'>temporis</span> <span class='ocrx_word' id='word_1_369' title='bbox 1009 3771 1167 3831; x_wconf 87' lang='lat' dir='ltr'>intervallo</span> <span class='ocrx_word' id='word_1_370' title='bbox 1185 3771 1223 3831; x_wconf 92' lang='lat' dir='ltr'>ab</span> 
     </span>
     <span class='ocr_line' id='line_1_42' title="bbox 131 3856 1224 3939; baseline 0 -23"><span class='ocrx_word' id='word_1_371' title='bbox 131 3857 184 3916; x_wconf 91' lang='lat' dir='ltr'>illo</span> <span class='ocrx_word' id='word_1_372' title='bbox 201 3856 312 3918; x_wconf 77' lang='lat' dir='ltr'>distare</span> <span class='ocrx_word' id='word_1_373' title='bbox 334 3859 500 3939; x_wconf 85' lang='lat' dir='ltr'>etquidem</span> <span class='ocrx_word' id='word_1_374' title='bbox 522 3861 724 3920; x_wconf 83' lang='lat' dir='ltr'>antefactum</span> <span class='ocrx_word' id='word_1_375' title='bbox 746 3881 809 3922; x_wconf 90' lang='lat' dir='ltr'>esse</span> <span class='ocrx_word' id='word_1_376' title='bbox 830 3859 911 3919; x_wconf 86' lang='lat' dir='ltr'>infra</span> <span class='ocrx_word' id='word_1_377' title='bbox 933 3856 1111 3918; x_wconf 88' lang='lat' dir='ltr'>docebimus.</span> <span class='ocrx_word' id='word_1_378' title='bbox 1146 3876 1224 3935; x_wconf 90' lang='lat' dir='ltr'>quae</span> 
     </span>
     <span class='ocr_line' id='line_1_43' title="bbox 132 3941 1223 4016; baseline 0.001 -15"><span class='ocrx_word' id='word_1_379' title='bbox 132 3962 199 4002; x_wconf 84' lang='lat' dir='ltr'>cum</span> <span class='ocrx_word' id='word_1_380' title='bbox 219 3946 263 4003; x_wconf 84' lang='lat' dir='ltr'>ita</span> <span class='ocrx_word' id='word_1_381' title='bbox 285 3948 353 4016; x_wconf 88' lang='lat' dir='ltr'>sint,</span> <span class='ocrx_word' id='word_1_382' title='bbox 380 3956 489 4005; x_wconf 90' lang='lat' dir='ltr'>certum</span> <span class='ocrx_word' id='word_1_383' title='bbox 516 3954 561 4006; x_wconf 91' lang='lat' dir='ltr'>est</span> <span class='ocrx_word' id='word_1_384' title='bbox 580 3945 741 4006; x_wconf 89' lang='lat' dir='ltr'>Hortensio</span> <span class='ocrx_word' id='word_1_385' title='bbox 768 3944 883 4004; x_wconf 90' lang='lat' dir='ltr'>nullum</span> <span class='ocrx_word' id='word_1_386' title='bbox 904 3964 968 4004; x_wconf 87' lang='lat' dir='ltr'>esse</span> <span class='ocrx_word' id='word_1_387' title='bbox 991 3942 1090 4000; x_wconf 92' lang='lat' dir='ltr'>locum</span> <span class='ocrx_word' id='word_1_388' title='bbox 1111 3944 1144 3998; x_wconf 92' lang='lat' dir='ltr'>in</span> <span class='ocrx_word' id='word_1_389' title='bbox 1166 3941 1223 4002; x_wconf 93' lang='lat' dir='ltr'>hoe</span> 
     </span>
     <span class='ocr_line' id='line_1_44' title="bbox 132 4027 1223 4110; baseline 0.001 -25"><span class='ocrx_word' id='word_1_390' title='bbox 132 4031 271 4101; x_wconf 90' lang='lat' dir='ltr'>carmine,</span> <span class='ocrx_word' id='word_1_391' title='bbox 290 4049 466 4110; x_wconf 90' lang='lat' dir='ltr'>versumque</span> <span class='ocrx_word' id='word_1_392' title='bbox 489 4034 552 4090; x_wconf 86' lang='lat' dir='ltr'>eius</span> <span class='ocrx_word' id='word_1_393' title='bbox 573 4035 693 4090; x_wconf 88' lang='lat' dir='ltr'>tertium</span> <span class='ocrx_word' id='word_1_394' title='bbox 714 4030 803 4090; x_wconf 90' lang='lat' dir='ltr'>hodie</span> <span class='ocrx_word' id='word_1_395' title='bbox 825 4029 932 4090; x_wconf 93' lang='lat' dir='ltr'>mendo</span> <span class='ocrx_word' id='word_1_396' title='bbox 950 4027 1144 4087; x_wconf 85' lang='lat' dir='ltr'>deformatum</span> <span class='ocrx_word' id='word_1_397' title='bbox 1162 4048 1223 4086; x_wconf 92' lang='lat' dir='ltr'>una</span> 
     </span>
     <span class='ocr_line' id='line_1_45' title="bbox 131 4113 1224 4195; baseline -0.001 -21"><span class='ocrx_word' id='word_1_398' title='bbox 131 4134 199 4174; x_wconf 90' lang='lat' dir='ltr'>cum</span> <span class='ocrx_word' id='word_1_399' title='bbox 211 4113 327 4193; x_wconf 90' lang='lat' dir='ltr'>perdito</span> <span class='ocrx_word' id='word_1_400' title='bbox 340 4124 524 4194; x_wconf 88' lang='lat' dir='ltr'>pentametro</span> <span class='ocrx_word' id='word_1_401' title='bbox 537 4119 673 4195; x_wconf 86' lang='lat' dir='ltr'>primitus</span> <span class='ocrx_word' id='word_1_402' title='bbox 687 4115 726 4175; x_wconf 90' lang='lat' dir='ltr'>ad</span> <span class='ocrx_word' id='word_1_403' title='bbox 740 4114 867 4178; x_wconf 87' lang='lat' dir='ltr'>eundem</span> <span class='ocrx_word' id='word_1_404' title='bbox 876 4113 1032 4174; x_wconf 91' lang='lat' dir='ltr'>Volusium</span> <span class='ocrx_word' id='word_1_405' title='bbox 1044 4115 1224 4192; x_wconf 87' lang='lat' dir='ltr'>pertinuisse</span> 
     </span>
    </p>
   </div>
   <div class='ocr_carea' id='block_1_3' title="bbox 0 0 1482 4990">
    <p class='ocr_par' dir='ltr' id='par_1_3' title="bbox 0 0 1482 4990">
     <span class='ocr_line' id='line_1_46' title="bbox 0 0 1482 4990; baseline 0 1"><span class='ocrx_word' id='word_1_406' title='bbox 0 0 1482 4990; x_wconf 95' lang='lat' dir='ltr'> </span> 
     </span>
    </p>
   </div>
  </div>
 </body>
</html>
