2954 4990
311 360 356 403 m
746 357 974 402 PROLEGOIOENA

311 483 416 560 potuit,
442 481 665 540 necimmerito
688 495 705 538 e
726 477 860 538 versibus
882 479 965 537 6-9
989 477 1128 556 colligere
1152 478 1238 539 nobis
1264 479 1413 542 videmur
1463 543 1464 546 ,

312 565 405 624 fuisse
426 571 489 624 tum
510 564 679 623 Pollionem
698 566 760 622 iam
780 567 814 621 in
836 569 934 624 aetate
955 583 1014 643 qua
1040 567 1068 624 ei
1090 568 1236 624 conviviis
1258 569 1410 627 interesse

311 651 421 709 liceret.
438 681 481 690 —
497 652 655 707 transimus
668 646 707 706 cd
721 649 840 721 Varum,
859 648 898 708 ad
911 667 999 729 quem
1012 648 1146 727 Catullus
1161 671 1185 710 c.
1199 650 1299 710 XXII
1311 655 1407 712 misit

312 733 391 815 quod
409 754 476 793 cum
491 741 586 793 totum
605 733 642 792 de
659 731 779 794 Suffeno
797 733 874 791 malo
891 741 979 812 poeta
997 737 1043 808 sit,
1061 734 1132 793 hinc
1148 737 1282 812 ingenua
1303 735 1409 796 studia

312 828 401 900 atque
427 825 504 878 artes
526 819 606 878 Varo
634 837 720 878 curae
746 816 837 878 fuisse
862 817 1055 895 intellegitur.
1097 818 1177 880 idem
1203 819 1285 879 haud
1312 821 1409 882 dubie
1463 879 1464 882 ,

310 905 399 963 homo
416 906 449 962 in
472 906 601 962 carmine
618 902 648 960 X
666 923 728 962 non
749 903 874 962 multum
894 911 961 982 post
976 902 1088 963 Catulli
1105 923 1143 963 ex
1162 904 1308 984 Bithynia
1326 906 1407 965 redi·

311 997 376 1048 tum
393 992 500 1067 scripto
523 996 772 1061 commemoratur,
794 987 847 1047 ubi
868 987 942 1067 quid
962 991 1076 1066 negotii
1097 993 1261 1068 procacitas
1282 991 1407 1068 puellae

312 1074 350 1132 ab
377 1077 470 1133 amico
501 1079 617 1132 amatae
645 1075 768 1131 iactanti
794 1092 858 1133 sese
886 1081 992 1152 poetae
1021 1073 1189 1132 exhibuerit
1217 1074 1406 1153 lepidissime

313 1158 494 1218 describitur.
530 1177 588 1238 quo
614 1161 648 1216 in
674 1161 803 1217 carmine
827 1156 859 1217 id
882 1156 961 1238 quod
985 1161 1088 1238 primis
1110 1157 1224 1218 duobus
1245 1162 1405 1220 versiculis

311 1251 449 1303 narratur
470 1243 585 1304 Varum
605 1245 707 1321 utique
728 1241 827 1321 prodit
848 1250 945 1302 aetate
967 1242 1083 1302 Catullo
1108 1246 1279 1321 proximum
1300 1244 1405 1306 fnisse.

311 1348 376 1388 esse
393 1337 491 1387 autem
506 1347 573 1388 eum
586 1327 758 1407 popularem
771 1334 877 1406 poetae
888 1327 923 1385 P.
937 1325 1082 1388 Alfenum
1094 1328 1208 1388 Varum
1221 1328 1406 1390 Cremonen·

311 1433 380 1486 sem,
399 1412 640 1472 iurisconsultum
658 1412 852 1471 clarissimum
871 1418 900 1471 et
917 1413 1067 1473 consulem
1084 1416 1156 1471 anni
1176 1409 1290 1492 715139
1311 1412 1405 1490 (conf.

310 1499 472 1557 Hennenus
488 1501 522 1556 in
541 1498 574 1558 O.
592 1497 616 1555 Ι.
634 1496 670 1554 L.
684 1497 710 1570 Ι,
727 1518 756 1576 p.
772 1498 843 1556 467.
868 1497 926 1556 Ios.
941 1497 1080 1557 Kleinius
1098 1497 1164 1558 fast.
1184 1499 1294 1558 consul
1315 1522 1347 1581 p.
1363 1499 1403 1576 3),

312 1593 346 1642 nt
362 1582 477 1662 pridem
495 1581 649 1662 conplures
667 1585 851 1657 grammatici
865 1585 1007 1662 suspicati
1024 1590 1115 1655 erant,
1134 1582 1223 1643 hodie
1234 1592 1339 1663 potest
1351 1607 1403 1665 pro

312 1667 464 1746 explorato
481 1666 592 1726 haberi.
623 1687 693 1725 nam
710 1674 740 1726 et
756 1676 919 1747 temporum
936 1671 1065 1727 rationes
1084 1671 1193 1746 optime
1207 1673 1402 1743 conveniunt,

311 1771 367 1811 nec
384 1752 451 1810 leve
468 1755 496 1811 ei
510 1755 674 1812 sententiae
687 1771 705 1810 5
718 1754 831 1830 patriae
844 1752 1078 1832 Transpadanae
1092 1756 1298 1814 communione
1318 1776 1403 1835 prae

312 1836 421 1896 sidium
442 1844 579 1916 paratum
601 1844 656 1910 est,
678 1836 852 1917 videturque
874 1844 974 1916 poeta,
995 1845 1029 1897 ut
1050 1836 1089 1896 A.
1106 1837 1311 1915 Kiesslingius
1336 1841 1357 1899 l.
1380 1861 1403 1900 c.

309 1944 339 2003 p.
364 1922 426 1980 354
453 1925 586 1994 coniecit,
613 1923 672 1980 illis
695 1921 804 1982 ‘Varus
830 1941 878 1980 me
904 1941 986 1981 meus
1007 1921 1045 1980 ad
1067 1941 1134 1980 suos
1157 1942 1271 1982 amores
1293 1925 1404 1985 Visum

311 2008 437 2066 duxerat
455 2025 472 2066 e
488 2005 567 2066 foro
585 2007 752 2066 otiosum’
770 2027 831 2066 non
849 2009 913 2066 sine
930 2010 1066 2065 acumine
1083 2026 1137 2066 sua
1153 2011 1215 2066 otia
1228 2028 1297 2068 cnm
1311 2030 1404 2087 nego

311 2096 362 2152 tiis
371 2095 459 2152 amici
468 2091 634 2152 forensibus
644 2110 817 2172 conponere.
843 2090 902 2150 huc
916 2090 1117 2170 acceditquod
1126 2092 1259 2152 Catullus
1269 2093 1404 2154 eXXX

310 2177 350 2236 ad
368 2177 511 2237 Alfenum
529 2180 657 2236 amicum
678 2180 802 2256 scripsit,
825 2195 912 2256 quem
935 2176 1061 2236 eundem
1078 2177 1190 2237 Varum
1210 2181 1404 2240 iurisconsul-

310 2271 374 2321 tum
392 2281 455 2322 esse
472 2269 703 2321 consentaneum
720 2268 772 2320 est
807 2265 890 2322 cuius
909 2265 1047 2320 carminis
1064 2281 1140 2341 quae
1158 2265 1196 2321 sit
1211 2267 1289 2322 ratio
1311 2285 1403 2346 supra

312 2350 444 2426 exposui,
463 2365 558 2425 neque
576 2350 739 2426 quisquam,
761 2353 842 2426 puto,
864 2346 935 2406 inde
951 2346 1031 2426 quod
1047 2354 1136 2426 poeta
1153 2346 1257 2407 ardore
1274 2348 1404 2411 Clodiae
1463 2357 1464 2422 1

311 2432 442 2507 flagrans
460 2450 617 2509 moraeque
631 2434 779 2510 inpatiens
796 2431 842 2490 his
855 2431 1046 2511 asclepiadeis
1064 2451 1096 2492 se
1109 2452 1127 2489 a
1140 2430 1235 2492 sodali
1247 2438 1301 2512 qui
1315 2456 1404 2496 suum

311 2519 344 2574 in
354 2535 388 2574 eo
402 2535 501 2574 amore
510 2515 656 2574 auxilium
668 2518 850 2594 promisisset
862 2516 1011 2595 proditum
1021 2535 1084 2577 esse
1093 2520 1231 2596 queritur,
1246 2518 1403 2580 familiari-
1463 2579 1464 2596 2

311 2607 404 2659 tatem
423 2603 502 2660 inter
523 2601 625 2658 ambos
646 2619 699 2680 per
720 2620 806 2659 omne
828 2604 907 2661 vitae
930 2604 1058 2680 spatium
1080 2602 1228 2661 turbatam
1246 2622 1310 2663 esse
1335 2625 1403 2664 con-

312 2685 418 2745 cludet
436 2683 702 2765 —progredimur
723 2684 762 2744 ad
780 2685 973 2765 Septumium,
998 2689 1081 2746 cuius
1103 2695 1132 2746 et
1148 2687 1257 2747 Acmes
1280 2699 1402 2751 mutuus

312 2791 394 2831 amor
412 2791 436 2829 c.
453 2771 543 2831 XLV
561 2774 732 2830 suavissime
751 2770 927 2850 depingitur.
962 2771 1013 2831 hic
1031 2775 1095 2852 quis
1112 2771 1200 2832 fuerit
1217 2776 1401 2850 ignoramus,

311 2859 489 2936 egregieque
515 2854 676 2915 hariolatur
700 2856 903 2935 Westphalius
930 2859 981 2936 qui
1011 2878 1039 2936 p.
1068 2857 1129 2915 157
1151 2876 1173 2915 s.
1201 2856 1238 2917 de
1267 2877 1304 2917 eo
1332 2880 1402 2920 con-

310 2945 441 3001 iecturae
474 2940 638 3020 periculum
669 2939 746 3000 fecit
785 2941 901 3000 Acmen
931 2941 1068 3000 libertam
1101 2945 1221 3001 natione
1251 2941 1402 3004 Graecam

227 3039 234 3048 “
311 3027 403 3086 fuisse
419 3025 592 3086 Schwabius
614 3048 643 3106 p.
662 3028 722 3086 316
747 3044 783 3085 ex
809 3029 874 3105 ipso
895 3030 1016 3085 nomine
1037 3026 1117 3085 haud
1137 3030 1248 3086 iniuria
1269 3028 1401 3107 collegit.

310 3111 391 3170 idem
412 3118 443 3169 et
463 3110 614 3170 Brunerus
638 3133 667 3191 p.
690 3111 751 3169 647
774 3130 813 3170 ex
834 3132 861 3169 v.
886 3112 921 3168 21
940 3131 971 3184 s.,
998 3111 1050 3170 ubi
1073 3111 1241 3190 Septumius
1267 3115 1402 3192 puellam

311 3215 395 3253 suam
412 3195 501 3254 malle
518 3195 625 3255 dicitur
642 3200 744 3276 ‘quam
758 3195 860 3275 Syrias
873 3195 1123 3277 Britanniasque’,
1142 3205 1221 3256 recte
1239 3198 1402 3258 effecerunt

311 3299 372 3337 non
394 3289 463 3337 ante
489 3279 599 3338 aditam
622 3302 641 3339 a
663 3282 788 3342 Caesare
809 3281 997 3340 Britanniam
1021 3285 1217 3360 nuntiumque
1242 3282 1279 3340 de
1302 3301 1342 3342 ea
1368 3305 1403 3344 re

311 3363 438 3422 Romam
464 3374 604 3423 autumno
626 3370 698 3424 anni
725 3365 838 3439 699155
861 3366 1007 3445 perlatum
1033 3386 1139 3446 poema
1165 3367 1220 3425 hoc
1245 3366 1402 3429 conditum

310 3467 384 3508 esse.
403 3479 445 3488 --
463 3447 615 3528 Septumio
639 3459 706 3529 apte
723 3449 870 3508 Manlium
886 3451 1070 3531 Torquatum
1092 3451 1290 3529 adiungimus,
1314 3458 1402 3514 cuius

310 3553 379 3592 curn
400 3533 493 3594 Vinia
512 3531 717 3594 Aurunculeia
742 3538 861 3613 nuptias
886 3545 974 3616 poeta
995 3536 1146 3615 praeclaro
1169 3540 1299 3596 carmine
1320 3537 1403 3599 LXI

310 3618 480 3679 celebravit.
516 3637 624 3678 nomen
643 3622 705 3678 eius
723 3619 834 3696 gentile
851 3640 879 3678 v.
896 3622 934 3679 16
953 3630 983 3680 et
997 3622 1057 3678 222
1076 3621 1215 3694 adfertur,
1233 3642 1402 3698 cognomen

310 3723 328 3764 5
345 3725 373 3764 v.
394 3705 460 3761 216
473 3706 658 3783 perspicitur,
677 3707 788 3763 avitam
806 3704 991 3766 nobilitatem
1008 3727 1035 3765 v.
1055 3707 1116 3763 212
1134 3713 1164 3765 et
1181 3714 1336 3786 sequentes
1354 3712 1402 3768 in-

310 3789 419 3849 dicant.
455 3809 515 3848 non
534 3795 578 3846 est
594 3792 686 3866 igitur
706 3789 767 3849 ullo
789 3788 876 3850 modo
900 3791 1022 3851 dubium
1044 3795 1117 3871 quin
1140 3794 1251 3851 amicus
1274 3792 1401 3853 51505-

308 3875 376 3934 tulli
409 3893 426 3934 e
457 3876 611 3933 notissima
642 3874 756 3934 familia
785 3879 911 3952 patricia
940 3875 1080 3935 oriundus
1112 3876 1212 3950 fuerit,
1243 3884 1401 3958 potestque

308 3960 443 4038 nuptiale
462 3979 579 4019 carmen
601 3959 641 4018 ad
657 3959 692 4018 L.
711 3959 858 4019 Manlium
875 3961 1071 4041 Torquatum,
1095 3961 1190 4020 filium
1213 3967 1400 4038 cognominis

309 4044 439 4104 consulis
457 4048 530 4105 anni
548 4040 672 4123 689165,
690 4053 856 4125 praetorem
873 4050 947 4104 anni
967 4042 1089 4124 705149,
1106 4050 1261 4126 pertinere.
1296 4067 1401 4126 quam-

310 4149 401 4208 quam
421 4149 497 4209 quae
515 4129 689 4190 Schwabius
706 4151 734 4209 p.
754 4132 816 4189 340
829 4150 866 4190 ss.
888 4139 1005 4211 praeter
1025 4141 1188 4212 temporum
1209 4135 1339 4192 rationes
1363 4133 1403 4194 ad
