2968 4990
615 381 730 435 umus
820 347 825 358 ’

286 525 372 587 quae
390 513 425 568 tu
442 502 572 569 volebas
590 525 650 568 neo
666 504 774 590 puella
791 504 928 571 nolebat.

182 623 184 626 ·
290 598 406 662 fulsere
424 620 498 662 vere
516 597 642 662 candidi
660 598 717 663 tibi
735 598 826 664 soles.

286 691 451 756 nunciam
464 691 519 756 illa
531 713 595 757 non
610 691 691 757 vult:
707 703 742 756 tu
755 713 892 776 quoque,
902 693 1057 778 inpotens,
1066 697 1141 776 noli,

285 807 347 849 uec
366 807 448 869 quae
466 785 551 871 fugit
568 795 697 860 sectare,
715 809 775 850 nec
792 786 888 850 miser
904 787 988 866 vive,
1202 803 1239 858 10

286 878 345 943 sed
363 879 520 943 obstinata
537 891 643 944 mente
661 880 775 964 perfer,
794 880 925 944 obdura.

289 973 369 1051 vale,
388 973 504 1058 puella.
538 973 601 1038 iam
622 973 767 1040 Catullus
785 974 929 1051 obdurat,

287 1087 349 1131 uec
366 1078 397 1132 te
415 1067 556 1150 requiret
572 1090 632 1132 nec
649 1068 777 1152 rogabit
793 1068 938 1132 invitam:

285 1169 322 1224 at
339 1171 374 1225 tu
393 1161 523 1238 dolebis,
543 1183 616 1226 cum
634 1161 795 1246 rogaberis
812 1162 910 1225 nulla.

289 1254 432 1332 scelesta,
450 1278 510 1320 vae
527 1255 572 1321 tel
592 1277 674 1339 quae
692 1255 750 1319 tibi
767 1265 876 1318 manet
893 1253 973 1319 vital

286 1348 361 1430 quis
379 1371 464 1413 nunc
481 1359 512 1414 te
531 1349 649 1413 adibit?
667 1347 719 1413 cui
736 1348 893 1413 videberis
911 1347 1015 1413 bella?

286 1461 385 1523 quem
402 1463 488 1506 nunc
506 1441 646 1506 amabis?
665 1441 755 1506 cuius
774 1463 843 1507 esse
862 1441 994 1506 diceris?

286 1554 385 1617 quem
402 1535 561 1600 basiabis?
579 1535 631 1600 cui
648 1535 764 1600 labella
780 1534 958 1600 mordebis?

286 1636 323 1692 at
339 1637 384 1706 tu,
404 1627 541 1708 Catulle,
560 1629 735 1694 destinatus
754 1629 885 1694 obdura.

587 1819 756 1830 —-—-—-

642 1977 707 2042 IX.

229 2157 234 2172 ,
287 2097 419 2175 Verani,
437 2097 585 2162 omnibus
603 2119 621 2160 e
638 2095 717 2160 meis
735 2096 869 2177 amicis†

286 2191 442 2256 antistans
461 2190 538 2255 mihi
556 2190 684 2253 milibus
702 2191 861 2267 trecentis,

289 2285 444 2349 venistine
463 2285 592 2352 domum
611 2284 652 2349 ad
669 2294 740 2348 tuos
759 2295 890 2369 penates

285 2377 466 2463 fratresque
483 2378 649 2443 unanimos
667 2400 826 2462 anumque
845 2380 998 2445 matrem?

288 2473 412 2537 venisti.
448 2472 563 2538 omihi
580 2471 684 2537 nuntii
701 2473 800 2537 beatil

288 2567 389 2631 visam
407 2577 438 2632 te
455 2567 647 2632 ineolumem
664 2567 856 2650 audiamque
873 2568 1034 2634 Hiberum

285 2673 468 2726 narrantem
485 2662 566 2738 loca,
584 2660 680 2737 faeta,
697 2661 852 2738 nationes,

289 2765 326 2818 ut
342 2777 412 2819 mos
430 2765 478 2820 est
495 2765 580 2831 tuus,
599 2755 824 2840 applicansque
841 2756 958 2821 collum

286 2847 464 2926 iucundum
482 2870 517 2913 os
535 2849 707 2932 oculosque
725 2849 881 2914 saviabor.

287 2962 309 3005 o
327 2950 481 3024 quantum
500 2951 547 3004 est
565 2940 729 3004 hominurn
746 2942 934 3019 beatiorum,

287 3033 368 3118 quid
386 3055 445 3122 mc·
456 3033 569 3098 laetius
588 3043 637 3098 est
653 3033 837 3100 beatiusve?

649 3380 696 3446 X.

287 3501 395 3569 Varus
413 3523 464 3566 me
482 3523 572 3565 meus
590 3500 631 3564 ad
649 3523 723 3565 suos
742 3523 865 3566 amores

288 3594 392 3658 visum
411 3595 544 3659 duxerat
562 3617 579 3658 e
598 3595 668 3659 foro
686 3595 831 3670 otiosum,

287 3688 471 3764 scortillum,
489 3699 525 3752 ut
542 3687 619 3752 mihi
637 3700 705 3753 tum
722 3699 851 3774 repente
870 3689 1014 3768 visumst,

288 3804 352 3847 non
370 3805 446 3848 sane
462 3782 636 3867 inlepidum
655 3805 758 3867 neque
775 3783 989 3849 invenustum.

289 3876 352 3941 huo
369 3886 405 3940 ut
420 3877 576 3953 venimus,
594 3877 732 3942 incidere
749 3878 842 3942 nobis

286 3992 448 4035 sermones
466 3970 556 4046 varii,
574 3970 608 4034 in
626 3971 751 4054 quibus,
770 3970 847 4054 quid
866 3981 949 4035 esset

288 4063 351 4128 iam
372 4063 537 4149 Bithynia,
551 4085 614 4146 quo
632 4066 727 4130 modo
746 4088 779 4129 se
798 4065 939 4142 haberet,

286 4177 464 4240 ecquonam
480 4157 559 4233 mihi
575 4158 744 4243 profuisset
763 4179 844 4223 aere.
