2968 4990
274 336 394 379 oxxvm
662 333 841 378 Aorsorum
864 335 988 378 omncs

275 457 405 515 restituit
426 452 568 530 Scaliger,
596 459 696 515 tamen
718 453 792 512 mihi
812 453 933 533 quidem
959 461 1051 512 totam
1074 457 1214 515 carminis
1237 461 1381 536 conposi·

274 544 388 600 tionem
407 540 559 618 reputanti
580 543 644 598 veri
666 538 762 599 simile
782 537 900 600 videtur
922 537 1073 598 Catullum
1094 543 1200 618 ipsum,
1229 543 1380 622 quemad·

274 623 398 684 modum
422 627 453 684 in
485 626 643 703 prooemio,
671 625 714 683 sic
743 626 776 682 in
802 624 859 684 hcc
885 623 1002 703 epilogo
1032 645 1150 705 quoque
1176 630 1379 706 praenomine

276 713 360 768 Mani
379 729 466 770 usum
488 727 559 768 esee.
599 706 675 768 coni.
698 728 776 788 quae
801 728 891 788 supra
913 711 1046 788 exposui.
1080 718 1237 789 utrumque
1259 733 1378 773 nomen

277 799 367 855 etiam
384 817 413 855 v.
432 795 472 853 66
491 796 524 852 in
544 793 628 852 libris
646 794 800 853 confusum
818 801 871 866 est,
894 793 947 852 ubi
963 813 1066 854 veram
1084 798 1260 873 scripturam
1275 799 1378 856 Altius

275 881 357 940 solus
374 879 402 941 0
420 878 542 958 praebet
562 877 700 957 idemque
721 881 754 937 in
771 882 907 956 margine
924 877 1104 958 adscriptum
1120 879 1212 942 babet
1228 886 1375 954 mollius,

276 984 356 1046 quae
371 972 558 1024 monstruosa
575 962 670 1022 forma
687 965 752 1023 sine
769 963 860 1024 dubio
877 963 949 1023 inde
963 971 1008 1024 est
1025 973 1089 1024 orta
1106 964 1188 1044 quod
1205 968 1270 1026 sive
1290 969 1326 1027 in
1343 969 1376 1028 V
1463 985 1464 988 ’

275 1110 391 1171 sivein
409 1109 468 1169 alio
486 1107 586 1188 aliquo
604 1107 706 1168 codice
722 1115 839 1167 vetusto
861 1110 1002 1188 scriptum
1020 1064 1205 1205 eretmalllinm
1232 1131 1286 1190 pru
1311 1131 1374 1191 quo

273 1221 307 1283 G
324 1228 355 1282 et
371 1220 505 1300 plerique
522 1220 631 1298 reliqui
647 1221 778 1290 manlius,
797 1217 850 1277 elii
865 1222 967 1277 maltos
980 1219 1030 1279 vel
1043 1222 1153 1280 similia
1165 1221 1374 1282 exbibent—
1464 1231 1465 1248 ¹

279 1308 340 1366 157
359 1317 384 1365 et
406 1309 455 1382 qui
475 1308 670 1381 quamprimo
692 1304 770 1362 nobis
788 1314 893 1362 terrem
915 1306 990 1363 dedit
1012 1307 1106 1378 aufert
1124 1308 1236 1385 scripsi
1277 1317 1304 1364 et
1323 1311 1374 1382 qui

268 1394 414 1470 ‘principio
446 1392 523 1448 uobis
549 1400 654 1448 terram
679 1391 754 1447 dedit
781 1390 874 1461 aufert
900 1388 1024 1462 codices,
1055 1389 1135 1470 quod
1161 1410 1247 1451 cruce
1272 1391 1372 1450 tribus

276 1477 376 1537 verbis
411 1477 551 1535 extremis
585 1477 753 1553 praeposita
788 1475 908 1533 retinuit
942 1474 1100 1553 Hauptius.
1154 1495 1210 1553 ego
1245 1476 1372 1555 quidem

275 1561 413 1622 Vahleno
430 1563 464 1620 iu
486 1561 634 1639 prooemio
653 1558 742 1618 indic.
760 1557 828 1617 lect
846 1567 917 1618 aest.
935 1559 1031 1618 Berol.
1050 1581 1076 1619 a.
1096 1562 1188 1633 1882,
1211 1581 1239 1640 p.
1258 1562 1313 1620 4s.
1333 1561 1371 1622 de

276 1649 342 1706 loco
362 1647 417 1704 boo
435 1644 611 1704 difficillimo
630 1642 793 1722 disputanti
811 1652 932 1704 eatenus
949 1643 1101 1704 adsentior
1117 1653 1151 1704 ut
1167 1648 1231 1725 ipse
1248 1665 1371 1726 quoque

277 1734 383 1790 vitium
402 1732 557 1808 inpriore,
580 1749 650 1801 non,
673 1736 707 1787 ut
722 1727 857 1808 plerique
874 1748 983 1801 omnes,
1001 1732 1034 1788 in
1052 1730 1145 1790 altera
1161 1749 1265 1790 versus
1281 1739 1371 1810 parte

272 1814 480 1896 ‚quaerendum
497 1833 561 1874 esse
578 1833 722 1874 censeam.
766 1820 856 1893 atque
873 1815 1021 1873 cornaria
1037 1815 1116 1876 inter
1133 1835 1165 1875 se
1181 1816 1274 1875 verba
1290 1818 1370 1876 dedit

271 1906 371 1975 =cufert
401 1921 462 1960 non
493 1898 696 1978 attemptanda
722 1916 786 1958 esse
809 1906 890 1958 recte
915 1901 975 1958 iam
1005 1900 1055 1960 Fr.
1074 1899 1238 1960 Schoellius
1265 1902 1369 1962 annal.

271 1987 379 2067 ¹philol.
398 1985 505 2045 CXXI
522 1986 585 2044 480
603 1983 720 2044 dixerat
741 1984 890 2063 ceteroqui
911 1987 985 2044 mire
1002 1984 1110 2063 lapsus.
1150 1984 1203 2045 sed
1220 1988 1370 2048 coniectu·

277 2093 341 2132 ram
362 2071 501 2144 Vahleui,
528 2072 581 2150 qui
606 2071 692 2128 initio
718 2087 821 2128 versus
849 2070 910 2126 157
937 2071 1144 2129 coniunctione
1170 2073 1234 2128 dum
1260 2091 1314 2150 pro
1342 2082 1370 2129 et

276 2159 407 2238 reposita
427 2164 523 2216 totum
545 2154 692 2214 distichon
714 2153 751 2212 de
768 2153 842 2212 Iove
863 2152 998 2230 intellegi
1017 2155 1091 2227 vult,
1113 2155 1305 2234 conpluribus
1330 2156 1369 2216 de

276 2244 374 2303 causis
396 2242 521 2321 probare
542 2259 665 2319 nequeo.
708 2241 837 2318 primum
858 2241 938 2297 euim
954 2241 1089 2318 Iuppiter
1109 2242 1161 2318 qui
1178 2241 1268 2300 finem
1285 2243 1370 2304 vitae

276 2327 447 2387 hominibus
471 2329 590 2404 inponit
615 2333 723 2384 terram
749 2325 792 2382 eis
818 2322 933 2383 auferre
958 2328 1012 2382 vix
1042 2324 1159 2384 videtur
1185 2323 1245 2384 diei
1270 2345 1368 2405 possa

273 2411 388 2471 deinde
404 2410 473 2470 talis
491 2409 624 2468 definitio
637 2410 778 2487 temporis
796 2427 889 2487 usque
902 2408 941 2467 ad
958 2408 1037 2489 quod
1050 2409 1164 2469 Allium
1178 2410 1369 2492 reliquosque

278 2497 382 2557 felices
408 2514 472 2555 esse
497 2495 580 2553 iubet
601 2502 698 2572 poeta,
725 2495 813 2552 etiam
836 2497 862 2552 si
883 2514 937 2573 per
957 2513 989 2552 se
1009 2493 1078 2554 buio
1100 2495 1165 2555 loco
1187 2503 1257 2574 apta
1279 2506 1367 2571 osset,
1467 2553 1468 2560 ,

273 2601 341 2662 -que
362 2580 399 2640 do
420 2599 453 2639 re
475 2578 611 2638 dubitare
633 2577 710 2650 licet,
733 2585 811 2637 certe
828 2599 889 2638 non
911 2578 1016 2639 mediis
1033 2583 1111 2638 votis
1127 2582 1226 2652 inseri,
1245 2581 1298 2640 sed
1315 2601 1369 2642 ex·

278 2678 372 2726 tremo
395 2665 490 2725 subici
513 2663 647 2724 debebat.
691 2671 723 2722 at
742 2670 842 2722 tamen
863 2663 935 2722 illuc
956 2664 1108 2724 transferri
1131 2664 1279 2725 distichon
1300 2667 1369 2745 ipsa

277 2773 383 2813 versus
406 2753 469 2809 160
490 2751 637 2809 sententia
661 2755 750 2808 vetat
799 2748 927 2828 denique
953 2749 1154 2827 probabilitati
1179 2753 1368 2814 coniecturae

278 2838 312 2898 id
338 2855 455 2917 qnoque
481 2836 586 2907 obstat,
613 2835 668 2894 etsi
688 2835 809 2892 minoris
836 2841 879 2894 est
904 2838 1052 2906 momenti,
1079 2834 1159 2914 quod
1183 2849 1243 2895 n'on
1270 2836 1369 2898 solum

279 2923 458 2994 bominibus,
476 2940 578 2980 verum
597 2921 685 2980 etiam
699 2918 799 2978 domui
815 2922 920 2998 inqua
938 2922 1025 2978 amici
1041 2919 1176 2980 luserunt
1192 2920 1368 2982 felicitatem

280 3016 416 3088 precatur
436 3015 532 3085 poeta.
577 3023 653 3084 quae
676 3024 743 3064 oum
760 3006 803 3062 ita
819 3006 886 3076 sint,
910 3023 966 3080 ego
983 3003 1023 3062 ad
1040 3023 1104 3064 eam
1121 3005 1369 3083 potius-deducor

280 3095 457 3153 sententiam
482 3099 516 3149 ut
545 3092 682 3150 maritum
712 3088 851 3148 dominae
879 3088 928 3147 bic
953 3090 1112 3167 significari
1140 3092 1281 3169 suspicer,
1312 3095 1368 3171 qui

279 3178 361 3258 quod
378 3177 417 3236 ad
437 3176 471 3236 id
491 3177 663 3255 permiserit,
684 3175 745 3232 iam
766 3175 932 3252 permittere
953 3175 1079 3253 amplius
1097 3174 1179 3248 nolit,
1202 3175 1315 3235 scilicet
1331 3186 1369 3237 ut

280 3263 380 3321 Allius
407 3261 487 3340 apud
511 3279 634 3321 uxorem
659 3279 744 3320 suam
770 3277 837 3317 oum
863 3261 959 3318 amica
984 3263 1163 3333 conveniret,
1188 3259 1369 3340 videturque

280 3346 354 3406 mihi
376 3348 454 3405 circe
475 3344 553 3405 hanc
574 3363 636 3405 rem
658 3345 811 3404 calamitas
832 3343 908 3403 Allii
929 3352 1047 3404 versata
1068 3364 1138 3405 csse.
1182 3347 1291 3404 etenim
1313 3350 1368 3426 qui

279 3436 396 3491 intenta
417 3430 567 3491 oculorum
589 3433 652 3490 acie
670 3433 768 3488 omnia
787 3448 862 3508 quae
880 3429 937 3488 huc
953 3429 1067 3489 faciunt
1084 3431 1288 3510 circumspicit,
1311 3435 1367 3490 vix

279 3524 377 3597 potest
398 3515 535 3576 dubitare
558 3517 631 3594 quin
653 3514 704 3573 ille
726 3533 843 3594 quoque
865 3534 931 3574 oum
953 3522 1047 3592 nupta
1068 3514 1191 3576 muliere
1209 3524 1239 3574 et
1259 3515 1366 3591 nobili,

278 3622 406 3683 quacum
424 3600 483 3660 alio
501 3599 565 3659 loco
582 3599 675 3659 libere
692 3602 851 3660 convenire
869 3603 897 3658 ei
913 3620 974 3659 non
990 3600 1099 3672 liceret,
1121 3599 1368 3660 consuetudinem

278 3688 423 3749 habuerit.
468 3684 591 3776 adparet
607 3692 705 3744 autem
722 3704 811 3763 quam
827 3685 1022 3763 periculosum
1039 3684 1127 3745 fuerit
1143 3685 1262 3745 domum
1280 3706 1368 3746 suam

278 3773 388 3833 talibus
423 3771 626 3848 congressibus
661 3770 809 3847 praebere,
844 3777 970 3850 apteque
999 3769 1039 3829 ad
1069 3789 1133 3830 eam
1163 3790 1226 3832 rem
1255 3772 1367 3832 Murro

280 3861 342 3917 orit
363 3858 423 3917 185
450 3855 525 3916 illud
552 3853 632 3936 quod
657 3873 677 3912 a
701 3855 807 3914 Tacito
834 3855 933 3914 annal.
951 3855 1037 3914 ΧΙ4
1064 3857 1127 3916 init.
1146 3855 1272 3918 traditur
1295 3876 1368 3916 con-

278 3943 355 4002 tulit.
389 3945 450 4002 iam
463 3945 489 4001 si
502 3941 617 4000 Allium
630 3943 771 4000 sumimus
788 3939 897 4000 furtivo
912 3942 968 3999 isto
987 3942 1159 3999 commercio
1172 3941 1247 4000 forte
1263 3941 1367 4019 palam

277 4027 357 4087 iacto
383 4026 543 4107 inpellente
565 4047 599 4086 ac
624 4029 756 4085 minante
777 4025 857 4084 laeso
880 4028 985 4084 merito
1008 4027 1046 4085 ab
1073 4044 1109 4085 ea
1135 4025 1221 4084 domo
1246 4027 1299 4085 ubi
1326 4028 1368 4086 ad

272 4111 311 4170 11
336 4119 450 4192 tempus
478 4131 575 4172 amore
602 4131 654 4172 suo
676 4110 783 4170 imitus
809 4117 872 4169 erat
898 4112 1049 4170 exclusum
1076 4118 1127 4170 aut
1149 4119 1227 4171 certe
1252 4113 1304 4185 ibi,
1332 4121 1369 4172 ut
