2954 4990
281 338 322 378 XL
714 331 942 376 Puomuonnna

281 453 420 539 pretendi
436 457 581 514 rationem
598 453 674 526 iniit,
696 470 794 532 neque
810 459 909 512 tamen
926 470 989 512 rem
1006 451 1167 531 expedivit.
1204 457 1267 516 eius
1285 460 1384 517 vesti-

283 543 342 619 giis
368 542 519 616 ingressus
546 539 818 618 epigrammaticam
844 538 984 596 carminis
1010 538 1201 600 acerbitatem
1222 545 1385 621 perspexit

282 628 319 686 Ε.
329 624 528 697 Woelffliuus,
547 625 631 682 cuius
648 622 875 702 explicationem
892 621 1019 681 Iacobus
1037 621 1174 683 Suessius
1191 627 1224 684 in
1240 635 1383 686 actorum

282 713 385 771 semin.
411 709 514 789 philol.
536 707 731 785 Erlangensis
756 707 813 766 vol
839 706 865 779 I,
891 727 919 785 p.
948 707 989 766 30
1005 727 1028 766 s.
1054 709 1169 786 publici
1194 713 1267 770 iuris
1293 712 1381 771 fecit.

282 795 466 875 eandemque
499 795 532 853 in
561 795 732 852 universum
763 792 940 852 senteutiam
969 801 1073 871 postea
1104 793 1229 854 Carolus
1259 797 1384 856 Paulus

282 880 439 940 Schulzius
464 881 497 936 in
523 878 621 940 annal.
651 877 786 938 scholast.
812 877 941 936 Berolin.
968 884 990 935 t.
1015 877 1167 952 XXXIV,
1192 901 1222 959 p.
1249 882 1313 940 375
1341 903 1382 941 ss.

281 965 417 1046 pluribus
436 963 590 1024 defensum
606 965 663 1022 ivit
680 957 769 1037 (conf.
787 960 858 1021 ibid.
877 969 898 1019 t.
915 960 1037 1035 XXXI,
1055 981 1084 1041 p.
1100 962 1183 1040 700).
1217 973 1325 1024 contra
1343 985 1383 1026 ea
1468 985 1469 1022 ι

281 1058 412 1110 veterem
430 1051 614 1122 senteutiam,
638 1050 694 1107 etsi
710 1046 877 1127 paullulum
893 1049 1088 1122 immutatam,
1107 1047 1143 1109 Ο.
1161 1049 1381 1111 Harneckcrus

283 1138 414 1216 quinque
444 1132 739 1193 commentationibus
769 1132 887 1191 crebras
916 1133 1106 1210 repetitiones
1138 1153 1199 1193 non
1229 1134 1382 1212 fugiendo

281 1218 429 1280 mordicus
454 1221 551 1279 tenuit
576 1215 617 1293 (v.
640 1224 859 1297 programmata
884 1219 1088 1295 progymnasii
1110 1217 1381 1296 Friedebergeusis

282 1324 428 1368 annorum
447 1305 529 1364 1879
547 1312 577 1364 et
596 1303 687 1377 1882,
711 1302 810 1362 annal.
835 1301 925 1362 schol.
943 1302 1040 1362 Berol.
1057 1302 1214 1377 XXXIII,
1232 1325 1260 1384 p.
1282 1307 1325 1362 72
1340 1327 1380 1365 ss.

226 1385 228 1389 ’
282 1399 313 1451 et
332 1389 466 1463 XXXV,
483 1410 511 1468 p.
531 1389 592 1447 606
608 1409 653 1462 ss,
676 1387 777 1467 philol.
795 1386 881 1459 XLI,
899 1405 927 1465 p.
946 1387 1007 1445 465
1022 1385 1082 1464 ss).
1118 1391 1169 1468 qui
1192 1409 1380 1469 quamquam

282 1477 401 1554 saepius
427 1473 500 1554 quid
525 1476 558 1532 in
582 1473 819 1532 adversariorum
845 1475 1100 1548 argumentatione
1125 1472 1234 1532 falsum
1255 1483 1310 1534 aut
1333 1479 1380 1534 in·

282 1561 401 1619 firmum
424 1566 500 1618 esset
526 1566 605 1618 recte
632 1557 852 1630 demonstravit,
878 1565 979 1616 tamen
1001 1557 1181 1637 obloquendi
1203 1559 1301 1619 studio
1327 1562 1380 1621 ab·

282 1653 383 1723 neptus
401 1645 490 1702 etiam
508 1661 544 1702 ea
561 1643 683 1718 negavit
701 1661 777 1721 quae
798 1643 903 1718 negari
920 1641 1002 1701 nullo
1026 1643 1112 1702 modo
1135 1653 1267 1722 possunt,
1291 1645 1380 1705 fecit-

283 1748 341 1808 que
359 1727 558 1805 intellegendo
576 1734 610 1786 ut
626 1727 671 1786 nii
682 1727 876 1804 intellegeret.
907 1729 967 1785 iam
980 1747 1082 1786 causas
1096 1727 1249 1787 adlaturus
1263 1731 1380 1808 quibus

282 1817 346 1893 ipse
364 1812 495 1872 adducor
511 1821 545 1872 ut
556 1815 683 1871 ironiam
695 1813 728 1871 in
741 1833 765 1872 c.
778 1812 888 1871 XLIX
900 1811 1080 1888 adgnoscam
1093 1834 1112 1871 a
1124 1814 1259 1874 versibus
1276 1815 1294 1872 5
1311 1823 1345 1874 et
1359 1817 1380 1874 6

282 1900 355 1958 mihi
377 1897 622 1978 proficiscendum
644 1917 708 1958 esse
729 1901 837 1971 sentio,
860 1896 912 1956 ubi
934 1897 980 1956 bis
1001 1917 1033 1957 se
1055 1897 1191 1958 Catullus
1213 1900 1379 1977 pessImum

282 1987 417 2044 omnium
433 1991 552 2063 poetam
569 1991 664 2042 vocat.
694 1983 751 2042 hoo
769 1984 882 2042 sincere
899 1982 937 2041 ab
955 2001 989 2041 eo
1004 1981 1115 2040 dictum
1133 2002 1196 2042 esse
1213 1983 1303 2044 hodie
1321 1988 1379 2044 vix

282 2071 440 2149 quisquam
462 2068 644 2149 opinabitur,
667 2087 737 2127 nam
756 2067 856 2128 Caroli
873 2065 999 2126 Custavi
1017 2067 1153 2144 Helbigii
1175 2077 1378 2128 commentum

280 2175 301 2214 a
318 2153 474 2214 Schwabio
491 2175 521 2233 p.
536 2155 597 2212 127
615 2152 768 2212 laudatum
785 2152 900 2232 pridem
918 2151 1073 2230 explosum
1091 2161 1142 2212 est.
1174 2155 1201 2212 si
1217 2161 1319 2212 autem
1340 2155 1379 2214 de

281 2259 315 2300 sc
336 2248 425 2319 pocta
445 2259 507 2298 non
529 2258 567 2298 ex
590 2239 683 2297 animi
704 2240 851 2298 sententia
872 2235 1016 2296 iudicavit
1033 2237 1177 2311 Catullus,
1199 2257 1238 2298 ne
1256 2238 1378 2299 Cicero-

281 2343 352 2384 nem
369 2323 489 2403 quidem
505 2331 663 2402 patronum
680 2325 844 2382 existimari
864 2329 961 2401 potest
977 2341 1047 2382 vere
1069 2322 1211 2382 extollere
1232 2323 1376 2399 voluisse,

281 2410 423 2488 quoniam
440 2407 532 2467 verba
550 2408 689 2487 ‘optimus
708 2409 839 2466 omnium
851 2407 1005 2486 patronus’
1024 2415 1053 2467 et
1070 2407 1226 2487 ‘pessimus
1240 2411 1377 2468 omnIum

282 2492 384 2572 poeta’
402 2512 464 2551 nou
482 2493 576 2551 solum
594 2492 723 2560 eamdem⁴
737 2494 878 2551 orationis
891 2492 1017 2551 formam
1029 2492 1196 2566 ostendunt,
1215 2493 1378 2552 sedetiam

283 2577 466 2639 correlativis
481 2577 629 2637 adverbiis
643 2587 771 2635 tuoto—
780 2588 883 2652 quanto
896 2579 975 2636 inter
988 2597 1020 2637 se
1034 2586 1233 2638 conexasunt
1268 2597 1377 2638 verum
1468 2635 1469 2640 ,

282 2666 427 2742 pessimus
445 2664 576 2721 omnium
593 2672 681 2741 poeta
699 2682 766 2721 cum
787 2682 841 2741 per
862 2681 893 2722 se
914 2682 975 2720 uon
995 2665 1088 2741 possit
1109 2664 1168 2721 uisi
1191 2665 1217 2721 is
1237 2662 1377 2742 intellegi

283 2749 335 2827 qui
353 2767 390 2808 ex
409 2747 545 2806 omnibus
564 2755 707 2827 quotquot
724 2756 792 2806 sunt
808 2749 903 2826 poetis
920 2747 1039 2807 infimus
1057 2752 1102 2821 sit,
1121 2748 1213 2806 verba
1231 2748 1376 2827 ‘optimus

282 2835 415 2893 omnium
440 2832 595 2912 patronus'
618 2831 767 2911 duplicem
789 2834 923 2912 aprime
946 2851 1063 2892 sensum
1086 2832 1258 2906 admittunt,
1285 2842 1376 2912 prout

282 2939 384 2978 casum
404 2917 608 2995 interrogandi
630 2917 669 2977 ad
690 2917 868 2976 adiectivum
893 2924 944 2975 aut
965 2917 1003 2975 ad
1025 2916 1242 2977 substantivum
1264 2937 1375 2979 nomen

280 3005 383 3064 trabis.
416 3012 506 3084 atque
523 3007 555 3064 in
572 3004 629 3063 hac
645 3002 804 3062 verborum
821 3002 1015 3078 ambiguitate
1033 3022 1094 3062 non
1112 3002 1282 3062 dubitamus
1300 3007 1376 3082 quin
1468 3003 1469 3006 ’

282 3097 372 3168 poeta
393 3090 526 3148 consulto
542 3090 658 3162 luserit,
683 3086 930 3168 quemadmodum
948 3106 1015 3146 eum
1033 3107 1056 3146 c.
1075 3087 1214 3146 LXXIX
1231 3088 1264 3146 in
1286 3108 1376 3148 voca-

281 3174 353 3234 bulo
367 3178 468 3250 pulcer
481 3174 643 3253 eodemque
656 3173 787 3232 familIae
800 3175 953 3232 Romanae
971 3175 1147 3250 cognomine
1163 3172 1269 3232 lusisse
1283 3193 1376 3251 supra

282 3257 471 3318 ostendimus.
507 3278 604 3338 neque
625 3261 730 3336 negari
751 3266 847 3337 potest
871 3257 949 3316 hauc
975 3257 1136 3316 cavillandi
1157 3259 1302 3316 rationem
1327 3260 1376 3316 in-

283 3345 404 3420 geniose
422 3363 440 3400 a
457 3351 545 3422 poeta
557 3345 721 3402 institutam
735 3362 811 3402 esse:
830 3361 918 3421 quem
931 3345 1009 3402 enim
1023 3342 1185 3402 secundum
1197 3361 1376 3421 praegressa
1468 3361 1469 3366 ¹

281 3427 375 3486 verba
392 3448 462 3486 mox
478 3435 512 3486 ut
529 3447 674 3486 summum
692 3436 835 3487 oratorem
852 3427 1054 3505 praedicatum
1071 3429 1108 3486 iri
1125 3435 1323 3507 expectamus,
1348 3431 1375 3488 is

281 3513 380 3574 subito
403 3519 436 3570 ut
457 3511 526 3572 vilis
548 3513 687 3586 omnium,
714 3514 733 3570 i.
757 3531 781 3571 e.
804 3514 932 3571 sontium
956 3514 1067 3591 pariter
1089 3521 1178 3592 atque
1199 3513 1374 3587 insontium,

281 3606 424 3679 patronus
441 3596 594 3671 inridetur,
618 3596 670 3656 sed
687 3597 788 3676 paullo
806 3599 921 3670 tectius,
940 3604 973 3656 ut
989 3597 1095 3658 leviter
1111 3599 1239 3656 intuenti
1256 3596 1376 3658 laudari

279 3687 487 3762 potiusquam
504 3684 666 3761 vituperari
682 3681 827 3742 videatur.
863 3689 894 3740 at
914 3689 1015 3742 tamen
1036 3685 1089 3740 vix
1105 3683 1199 3741 ullum
1220 3683 1376 3742 homiuem

279 3770 448 3829 Romanum
464 3768 583 3827 illorum
600 3775 764 3847 temporum
782 3767 936 3847 aequalem
953 3768 1044 3826 fuisse
1062 3769 1266 3828 existimamus
1282 3786 1374 3846 quem

280 3874 353 3915 vera
370 3863 476 3934 poetae
493 3854 632 3930 cogitatio
651 3861 681 3912 et
697 3853 835 3912 voluntas
853 3853 970 3930 fugerit.
1001 3851 1135 3912 indicant
1147 3853 1226 3912 enirn
1244 3854 1376 3912 ironiam

279 3940 423 4017 conplura
439 3939 489 3999 vel
510 3941 543 3996 in
565 3937 684 3998 exordio
708 3940 854 4011 carminis,
878 3938 972 3997 veluti
994 3937 1136 3997 sollemne
1156 3937 1233 3996 illud
1258 3937 1377 3998 ‘Marce

280 4023 386 4099 Tulli’,
408 4044 503 4102 genus
521 4023 717 4083 adlocutIonis
735 4042 753 4081 a
769 4022 890 4102 reliquis
910 4021 1221 4082 Catulli'carminibus
1240 4022 1377 4082 alienum
1468 4063 1469 4070 .

276 4103 363 4185 (uam
381 4130 404 4168 c.
422 4109 489 4170 XII
509 4113 535 4185 1,
558 4109 611 4171 ubi
632 4109 702 4169 item
722 4107 787 4182 duo
802 4110 924 4167 nomina
946 4109 978 4166 in
1001 4106 1188 4168 adlocutione
1214 4109 1378 4168 coniuncta
