2954 4990
529 409 756 452 PROLEGOMENA
1125 411 1191 454 uvir

93 529 257 588 Berenices
282 529 315 586 in
338 528 466 606 patrium
488 547 652 588 sermonem
675 547 817 588 conversa
837 529 926 603 misit,
944 531 1005 588 iam
1026 549 1115 607 supra
1136 549 1194 607 per

96 615 285 672 occasionem
302 619 447 692 quantum
464 615 535 672 satis
552 621 596 672 est
615 612 752 687 diximus,
775 616 905 693 itemque
922 613 960 674 de
977 614 1079 675 Caelio
1096 614 1191 673 Vero·

95 700 186 759 nansi
203 705 234 757 st
250 696 288 756 de
304 697 396 755 Allio.
431 699 532 777 itaque
555 698 629 756 nihil
646 719 727 758 nunc
743 698 867 759 relicum
884 707 929 759 cst
945 701 1003 760 nisi
1024 706 1058 758 ut
1076 698 1190 758 Catulli

95 802 167 843 cum
185 781 323 842 Cornelio
344 781 460 861 Nepote
481 782 728 843 necessitudinem
749 783 966 844 adumbremus.
1002 786 1050 844 cui
1070 792 1190 863 poetam

92 875 214 945 partem
235 868 398 926 carminum
419 886 539 926 suorum
560 867 712 928 dedicasse
734 868 887 928 exordium
908 870 978 928 libri
1000 871 1052 949 qui
1074 868 1112 928 ad
1132 889 1192 928 nos

91 954 235 1030 pervenit
251 951 344 1011 docet.
370 971 440 1010 nam
453 952 534 1031 quod
551 952 642 1028 vulgo
660 953 784 1013 credunt
795 954 875 1013 hunc
887 956 984 1034 ipsum
1001 973 1065 1014 esse
1078 953 1190 1013 librum

94 1055 188 1116 quem
215 1036 350 1097 Catullus
373 1036 483 1116 Nepoti
509 1036 671 1110 donaverit,
698 1037 731 1096 id
756 1058 845 1117 quam
871 1042 910 1099 sit
934 1039 1043 1099 falsum
1068 1042 1101 1098 in
1128 1039 1193 1098 alia

92 1122 204 1181 horum
213 1120 443 1201 prolegomenon
452 1130 536 1200 parte
544 1122 800 1183 demonstrabitur.
827 1142 947 1184 causam
959 1123 1190 1184 autemdicandi

91 1215 187 1286 poeta
204 1205 299 1266 adfert
317 1205 396 1285 quod
414 1205 569 1267 Cornelius
591 1206 628 1266 ds
651 1209 734 1286 poesi
756 1227 809 1266 sua
830 1208 991 1269 honorifice
1013 1208 1189 1268 iudicaverit

91 1294 159 1350 iam
180 1310 215 1350 eo
236 1297 369 1368 tempore
391 1310 448 1369 quo
473 1291 562 1350 ‘unus
582 1291 741 1351 Italorum’
762 1293 937 1353 instituisset
959 1293 1059 1353 ‘omne
1080 1313 1190 1353 aevum

91 1376 193 1436 tribus
211 1375 360 1453 explicare
378 1374 508 1438 chartis'.
534 1376 641 1456 quibus
658 1376 756 1436 verbis
771 1377 909 1437 chronica
926 1377 1006 1438 illius
1024 1378 1190 1454 significari·

90 1459 214 1542 pridem
231 1458 411 1519 intellectum
431 1468 482 1519 est.
515 1469 605 1541 atque
622 1461 821 1540 Nipperdeius
838 1464 870 1521 in
888 1462 1008 1540 praefat
1028 1463 1097 1522 edit.
1116 1463 1191 1523 Cor·

90 1545 171 1606 nelii
188 1564 213 1603 a.
235 1545 316 1602 1849
334 1543 502 1622 publicatae
518 1565 546 1623 p.
564 1546 650 1619 XVI,
669 1565 757 1626 quem
775 1547 948 1607 Schwabius
965 1548 1076 1627 aliique
1094 1549 1190 1607 secuti»

91 1637 175 1702 sunt,
193 1627 264 1688 inde
280 1627 426 1708 Nepotem
445 1629 589 1688 conclusit
605 1634 638 1691 in
655 1633 726 1710 ipsis
744 1632 790 1690 his
812 1632 958 1692 chronicis
976 1632 1088 1693 Catulli
1106 1652 1191 1692 men·

89 1717 208 1775 tionem
232 1713 346 1773 fecisse.
381 1722 413 1772 at
443 1717 523 1774 omui
554 1725 619 1774 eain
650 1718 819 1794 opinionem
848 1717 1057 1795 probabilitate
1087 1737 1191 1778 carere
1300 1769 1303 1774 .

91 1801 308 1861 existimamus.
343 1817 449 1877 parum
467 1802 546 1858 enim
564 1799 747 1878 intellegitur
765 1803 817 1881 qui
838 1802 903 1862 fieri
918 1805 1048 1882 potuerit
1064 1811 1098 1862 ut
1115 1803 1185 1864 Cor

90 1885 192 1945 nelius
209 1887 242 1942 in
260 1901 346 1962 opere
364 1903 423 1963 quo
442 1904 558 1944 omnem
575 1905 673 1944 rerum
690 1888 862 1945 memoriam
879 1887 918 1946 ab
935 1887 1040 1948 ultima
1058 1890 1191 1968 antiqui—

69 2001 72 2008 ·
90 1979 157 2030 tate
174 1970 282 2028 notatis
299 1968 479 2048 temporibus
497 1969 626 2030 breviter
643 1971 804 2049 conplexus
822 1980 926 2032 est-
944 1992 981 2032 ex
994 1973 1087 2032 tribus
1105 1976 1185 2033 enim

89 2063 212 2114 tantum
229 2053 316 2114 modo
333 2053 417 2113 libris
435 2057 600 2114 constitisse
621 2062 717 2115 totum
737 2058 801 2135 ipse
823 2064 867 2116 est
885 2055 1020 2116 Catullus
1041 2060 1125 2117 testis
1142 2091 1184 2100 -

89 2147 213 2220 poetam
226 2138 444 2198 adulescentem
453 2146 542 2219 atque
556 2139 711 2218 aequalem
725 2140 963 2201 conlaudandum
977 2142 1034 2201 sibi
1048 2150 1189 2203 sumeret,

89 2225 188 2284 verba
205 2232 302 2283 autem
320 2223 427 2303 quibus
446 2223 581 2284 Catullus
598 2227 698 2297 utitur,
724 2227 769 2284 ‘tu
791 2225 931 2286 solebas
948 2227 1031 2287 Meas
1050 2247 1113 2287 esse
1130 2227 1187 2293 ali<

91 2308 169 2392 quid
184 2317 289 2388 putare
306 2309 424 2385 nugas',
451 2311 494 2368 ita
515 2317 584 2369 sunt
605 2318 764 2389 conparata
785 2319 819 2370 ut
840 2310 879 2370 ad
901 2311 1015 2391 aliquid
1035 2314 1133 2392 potius
1150 2315 1186 2372 in

90 2413 229 2456 sermone
255 2414 273 2452 a
298 2393 414 2473 Nepote
445 2393 612 2454 dictitatum
640 2391 772 2474 spectare
802 2396 971 2471 videantur,
1002 2396 1092 2477 idque
1122 2399 1184 2457 iam

89 2479 276 2540 Ribbeckius
302 2478 321 2538 l.
345 2497 369 2537 c.
390 2499 420 2558 p.
444 2479 484 2538 54
510 2482 633 2540 monuit.
673 2500 750 2560 quae
776 2502 843 2542 cum
868 2485 911 2541 ita
932 2484 1003 2555 sint,
1031 2483 1187 2544 Catullum

91 2564 323 2626 existimandum
345 2572 389 2624 est
406 2573 472 2645 post
493 2564 612 2626 laudem
629 2586 648 2625 a
664 2565 782 2645 Nepote
803 2567 860 2628 sibi
881 2567 1022 2628 tributam
1044 2569 1188 2628 chronica.

90 2649 226 2710 eiusdem
244 2670 305 2709 non
322 2670 564 2712 commemorasse
586 2652 643 2710 nisi
661 2659 695 2710 ut
712 2671 779 2712 eum
796 2654 856 2711 iam
875 2671 891 2713 e
909 2655 979 2712 satis
1000 2652 1091 2731 longo
1109 2662 1181 2714 tem·

88 2755 164 2815 pore
181 2733 324 2794 benevole
342 2733 379 2794 de
397 2753 428 2794 se
450 2744 537 2813 poeta
558 2735 690 2796 iudicare
712 2737 893 2813 significaret
915 2738 1092 2817 doctumque
1110 2741 1183 2798 ami·

89 2840 161 2880 cum
179 2827 281 2878 contra
297 2818 467 2878 honorificis
482 2821 581 2881 verbis
594 2830 826 2901 prosequeretur.
852 2822 1012 2883 dolendum
1025 2831 1070 2882 est
1082 2831 1183 2882 autem

89 2907 223 2982 ignorari
240 2923 298 2983 quo
316 2923 395 2962 anno
408 2905 546 2964 chronica
564 2908 623 2965 sint
635 2905 724 2980 edita,
742 2909 800 2966 nisi
813 2906 893 2987 quod
907 2910 1035 2986 primum
1049 2906 1181 2967 Cornelii

89 3009 167 3068 opus
192 2987 284 3046 luisse
314 2988 506 3065 probabiliter
535 2993 680 3070 statuitur.
720 2999 850 3050 ceterum
878 2993 904 3051 is
930 2993 1033 3070 quanti
1062 3001 1184 3071 poetam

87 3077 293 3136 Veronensem
311 3073 509 3132 aestimaverit
524 3074 613 3134 hodie
630 3094 747 3154 quoque
763 3093 803 3134 ex
819 3077 884 3153 ipso
902 3094 1080 3152 cognoscere
1100 3076 1179 3150 lieet,

89 3161 144 3240 qui
166 3159 198 3217 in
219 3159 282 3216 vita
302 3157 397 3215 Attici
420 3159 460 3214 12
478 3160 498 3216 4
519 3159 554 3216 L.
576 3159 688 3218 Iulium
710 3159 848 3219 Calidum
871 3160 949 3238 ‘post
970 3160 1101 3220 Lucretii
1123 3161 1185 3222 Ca·=

87 3243 217 3322 tulliquc
241 3241 378 3302 mortem'
405 3241 498 3302 multo
524 3245 776 3320 elegantissimum
799 3253 917 3324 poetam
943 3265 1027 3305 suam
1053 3253 1179 3306 aetatem

88 3329 194 3388 tulisse
211 3329 261 3386 ait.
292 3334 410 3406 praeter
427 3327 482 3386 c.I
500 3331 588 3388 etiam
606 3329 673 3402 CII,
692 3332 724 3388 in
743 3349 800 3410 quo
816 3329 950 3390 Catullus
967 3329 1057 3390 fidem
1075 3335 1182 3392 secreti

89 3414 149 3473 sibi
175 3414 322 3472 commissi
347 3411 566 3489 religiosissime
593 3434 623 3474 se
650 3425 834 3474 servaturum
866 3434 929 3475 esse
959 3415 1108 3489 adfirmat,
1139 3417 1178 3476 ad

88 3500 239 3558 hominem
265 3501 385 3557 nomine
408 3497 577 3558 Cornelium
603 3502 744 3579 scriptum
770 3509 821 3574 est,
849 3519 937 3581 quem
962 3501 1038 3560 nihil
1063 3501 1184 3582 inpedit.

91 3586 164 3664 quin
182 3603 234 3662 pro
252 3581 355 3642 eodem
373 3585 468 3642 amico
486 3591 516 3643 et
531 3584 668 3663 populari
684 3593 790 3663 poetae
807 3585 976 3646 habeamus.

154 3668 304 3727 Amicitiis
322 3667 433 3728 Catulli
451 3670 679 3749 inimicitiisque,
698 3670 795 3750 quoad
814 3690 850 3731 ex
869 3673 941 3751 ipsis
960 3673 1023 3732 eius
1041 3673 1177 3731 carmini·

89 3753 145 3814 bus
169 3755 307 3831 cognosci
328 3761 472 3832 poterant,
500 3757 642 3814 enarratis
665 3775 760 3834 pauca
777 3755 931 3836 quaedam,
959 3774 1035 3836 quae
1056 3755 1183 3815 aliunde

91 3837 128 3898 de
145 3840 207 3897 vita
223 3845 328 3917 poetae
345 3837 455 3897 tradita
473 3847 582 3911 extant,
603 3859 669 3900 cum
687 3861 758 3908 cura
775 3843 945 3901 examinare
962 3840 1106 3900 volumus.

153 3923 310 3984 Suetonius
336 3923 392 3981 lul.
420 3941 444 3984 c.
470 3923 509 3982 73
531 3925 609 3983 inter
634 3925 694 3984 alia
719 3925 874 4004 placabilis
901 3927 1015 4002 ingenii
1041 3926 1182 3985 Caesaris

90 4007 264 4068 documenta
287 4010 376 4068 etiam
401 4007 458 4069 hoc
483 4008 593 4069 adfert:
621 4010 786 4070 ‘Valerium
809 4009 969 4082 Catullum,
996 4030 1014 4068 a
1040 4030 1098 4089 quo
1120 4010 1179 4070 sibi

89 4094 241 4152 versiculis
259 4092 297 4152 de
309 4094 460 4152 Mamurra
477 4102 619 4173 perpetua
636 4099 775 4173 stigmata
791 4096 922 4174 inposita
934 4115 994 4154 non
1013 4093 1181 4155 dissimula·
1198 4153 1200 4158 .

88 4187 179 4254 verat,
199 4177 441 4238 satisfacientem
454 4179 557 4240 eadem
572 4179 620 4240 die
633 4179 769 4240 adhibuit
783 4198 873 4240 cenae
886 4180 1072 4261 hospitioque
1084 4183 1182 4261 patris
