2954 4990
310 382 384 428 mxvt
739 381 968 426 Pnomoouuue

314 505 493 566 Graecorum
510 501 661 582 exemplar
679 502 863 581 expoliverit,
880 501 981 560 mirari
998 519 1069 562 sane
1085 499 1156 561 licet
1173 501 1252 581 quod
1269 505 1305 562 in
1322 509 1418 584 poesi

311 609 350 650 ne
368 608 403 648 ea
421 587 538 668 quidem
556 586 654 648 studia
667 606 744 666 quae
761 586 800 646 ad
816 589 957 646 maiorem
974 590 1115 645 sermonis
1128 604 1327 668 versuumque
1348 589 1417 649 cul·

311 685 373 734 tum
386 673 558 753 spectabant
567 675 609 730 ita
622 679 656 732 ut
668 691 722 751 per
735 679 799 731 erat
812 671 1019 748 adgnoscebat.
1045 690 1142 751 neque
1154 691 1224 732 vero
1237 677 1270 732 in
1285 677 1417 754 scriptis

311 763 371 820 suis
388 758 466 817 hane
483 765 636 836 poetarum
653 765 761 817 sectam
778 763 983 817 commemorat
999 759 1058 816 nisi
1074 765 1109 815 ut
1125 759 1271 836 vituperet
1289 768 1346 819 aut
1366 763 1417 819 in-

310 845 415 905 rideat.
446 851 476 902 et
493 845 525 901 in
543 848 657 901 oratore
674 841 825 920 quidem§
842 843 911 916 161,
930 839 982 901 ubi
999 840 1038 902 de
1050 861 1065 900 s
1077 841 1193 902 litterae
1209 843 1311 902 finalis
1334 853 1417 906 ante

309 934 513 1008 insequentem
535 944 694 986 consonam
715 926 896 987 detractione
918 925 1046 998 disserit,
1072 946 1161 1006 quam
1183 929 1414 1007 antiquioribus

308 1018 407 1093 poetis
425 1012 560 1072 omnibus
582 1012 736 1090 probatem
753 1029 817 1072 esse
838 1017 964 1084 constet,
987 1029 1053 1072 eam
1073 1019 1108 1070 ut
1129 1012 1327 1073 subrusticum
1344 1017 1413 1076 iam

308 1099 413 1176 fugere
435 1105 536 1176 poetes
554 1116 647 1157 novos
663 1099 707 1155 ita
723 1103 825 1156 narret
844 1105 877 1156 ut
895 1099 993 1156 animo
1015 1115 1046 1156 se
1068 1095 1223 1158 dissentire
1245 1098 1330 1158 haud
1355 1101 1411 1160 ob

310 1203 394 1244 scure
410 1181 566 1260 significet.
601 1184 723 1262 ipseque
739 1184 772 1241 in
788 1180 876 1241 Arati
893 1181 1104 1260 phoenomenis
1121 1181 1159 1241 ab
1177 1181 1410 1245 adulescentulo

309 1271 459 1330 conversis
477 1270 594 1346 saepius
612 1270 699 1326 istam
715 1266 865 1327 licentiam
883 1267 940 1326 sibi
961 1265 1086 1326 indulsit
1106 1286 1250 1328 unacum
1267 1271 1410 1349 aequali·

305 1355 363 1415 bus
385 1355 426 1414 M.
443 1354 585 1412 Terentio
607 1352 742 1412 Varrone
767 1361 798 1411 et
816 1351 963 1411 Lucretio.
999 1351 1051 1412 sed
1077 1372 1143 1411 eum
1165 1361 1313 1413 oratorem
1334 1376 1408 1415 eon-

308 1439 457 1511 scriberet,
484 1457 564 1497 nova
585 1436 764 1497 consuetudo
790 1435 864 1498 adeo
890 1435 1058 1496 involuerat
1077 1444 1112 1496 ut
1133 1439 1184 1516 qui
1205 1439 1238 1496 in
1259 1437 1407 1500 litteratis

307 1527 456 1585 numerari
473 1522 563 1582 vellet
576 1542 637 1581 non
654 1529 753 1600 posset
766 1523 838 1601 quin
855 1520 894 1581 ad
908 1541 973 1582 eam
986 1539 1018 1581 se
1032 1521 1270 1582 accommodaret.
1298 1527 1405 1604 itaque

307 1613 340 1668 in
357 1609 491 1669 versibus
503 1610 665 1686 posteriore
678 1610 758 1666 vites
770 1614 902 1684 tempore
918 1627 937 1665 a
950 1605 1082 1666 selectis
1095 1609 1184 1666 etiam
1199 1606 1315 1683 Cicero,
1334 1631 1403 1670 cum

308 1694 368 1752 aha
394 1692 536 1770 conplura
562 1710 599 1751 ex
625 1698 772 1752 vetustate
800 1695 952 1765 retineret,
983 1690 1022 1752 ab
1049 1712 1063 1751 s
1088 1691 1188 1750 littera
1213 1692 1404 1754 detrahenda

308 1785 424 1838 coactus
451 1776 601 1835 abstinuit.
637 1777 696 1835 iam
721 1795 866 1836 novorum
890 1784 1050 1856 poetarum,
1077 1777 1106 1834 h.
1129 1795 1154 1836 e.
1180 1796 1281 1836 eorum
1309 1783 1403 1859 quie

307 1863 408 1923 schola
425 1861 546 1922 Catonis
562 1860 742 1940 prodierunt,
769 1880 863 1934 nemo,
885 1861 966 1942 quod
987 1865 1120 1934 sciamus,
1146 1861 1224 1921 haue
1244 1882 1401 1942 apocopen

307 1947 425 2008 admisit
444 1955 562 2027 praeter
582 1966 674 2006 unum
695 1945 852 2020 catullum,
880 1949 963 2006 cuius
984 1942 1017 2006 in
1038 1953 1169 2007 extremo
1192 1951 1325 2008 carmine
1350 1950 1401 2009 hic

305 2037 459 2094 invenitur
471 2038 660 2111 pentameter,
681 2027 724 2091 ‘at
736 2033 814 2091 fixus
831 2035 939 2091 nostris
955 2040 989 2091 tu
1005 2030 1089 2090 dabi’
1107 2032 1299 2110 supplicium’
1328 2054 1401 2094 nem

304 2119 445 2192 Laevius,
467 2121 520 2198 qui
537 2119 569 2176 in
586 2117 851 2177 Protesilaodamia
870 2115 995 2176 fortasse
1016 2115 1093 2175 dixit
1113 2115 1295 2193 ‘gracilenti'
1319 2120 1401 2180 colo-

304 2204 380 2263 rem‘
400 2201 518 2281 (fragm.
537 2203 577 2258 22
594 2199 719 2276 Muell.),
743 2204 874 2262 etiamsi
896 2201 1027 2262 eiusdem
1044 2204 1083 2261 sit
1102 2203 1215 2275 aetatis,
1239 2203 1321 2282 quod
1339 2225 1401 2265 am·

304 2290 424 2366 bigitur,
447 2296 526 2348 certe
543 2308 604 2346 non
625 2289 710 2346 novis
728 2291 780 2366 qui
802 2294 945 2346 vocantur
964 2289 1059 2366 poetis
1081 2286 1268 2346 adnumerari
1289 2297 1398 2367 potest,
1466 2359 1467 2362 Ἴ

306 2378 418 2452 quippe
444 2374 491 2432 cui
517 2373 611 2448 magis
637 2374 795 2431 conveniat
820 2392 887 2430 cum
907 2372 1050 2432 Varronis
1075 2373 1196 2432 Reatini
1221 2375 1398 2435 rationibus

306 2457 359 2517 sed
372 2479 438 2516 cum
451 2477 490 2517 ex
502 2457 566 2516 loco
577 2454 769 2515 Ciceroniano
783 2474 870 2536 quem
883 2456 1033 2516 attulimus
1046 2456 1236 2534 intellegatur
1249 2477 1263 2517 s
1276 2457 1398 2521 litterae

306 2562 457 2620 apocopen
477 2560 596 2620 prorsus
613 2540 799 2600 abhorruisse
821 2561 840 2600 e
860 2549 957 2602 seetee
979 2541 1162 2602 Catonianae
1182 2543 1310 2621 placitis,
1340 2544 1399 2605 Oe-

305 2625 412 2686 tullum
429 2629 461 2685 in
478 2633 523 2685 tot
538 2622 672 2685 versibus
689 2625 779 2685 semel
797 2626 970 2686 dormitasse
991 2646 1052 2686 nou
1074 2637 1119 2687 est
1139 2627 1289 2702 credibile,
1311 2630 1398 2690 vide

304 2719 410 2792 turque
427 2714 525 2790 potius
542 2714 575 2769 in
592 2710 648 2770 hoc
666 2711 876 2789 epigrammate
892 2710 1043 2771 licentiam
1056 2711 1169 2792 elioqui
1181 2720 1309 2792 spretam
1328 2736 1397 2776 cum

305 2805 383 2858 certo
397 2795 524 2877 quodam
541 2794 665 2856 oonsilio
683 2795 860 2870 adhibuisse,
878 2815 934 2857 nec
949 2799 1050 2875 inepte
1062 2800 1210 2875 suspicere
1223 2801 1317 2877 petita
1331 2819 1398 2861 esse

304 2883 397 2944 verbe
423 2881 521 2940 ‘dubi’
548 2879 738 2960 supplicium'
761 2899 798 2940 ex
819 2883 892 2959 ipsis
915 2879 1007 2941 Gellii
1028 2881 1162 2941 versibus
1186 2885 1221 2941 in
1243 2881 1396 2945 Oetnllum

304 2968 389 3028 fectis
416 2966 454 3027 ad
477 2966 665 3027 inridendum
685 2964 894 3026 adversarium.
930 2965 1006 3026 alter
1025 2965 1107 3026 locus
1129 2970 1181 3047 qui
1202 2967 1241 3026 ad
1262 2977 1396 3030 nostram

304 3057 505 3132 quaestionem
522 3055 651 3132 pertinet
667 3053 759 3112 estin
777 3051 968 3131 epistularum
986 3049 1024 3110 ad
1036 3051 1169 3111 Atticum
1181 3053 1244 3112 VH
1258 3054 1276 3109 2
1293 3057 1322 3127 1,
1341 3057 1395 3115 ubi

304 3138 408 3198 Cicero
430 3141 463 3196 in
483 3136 632 3198 narranda
656 3136 738 3197 felici
759 3156 813 3195 sua
835 3138 1027 3212 navigatione
1046 3134 1125 3196 facto
1146 3137 1204 3197 ioci
1226 3157 1315 3196 causa
1337 3137 1396 3200 hoc

302 3221 474 3282 hexametro
497 3223 593 3281 ‘flavit
614 3222 653 3281 ab
670 3221 763 3300 Epiro
784 3220 961 3281 lenissumus
979 3218 1195 3282 Onchesmites’
1216 3223 1259 3281 ite
1279 3226 1395 3302 pergit:

304 3307 396 3366 ‘huno
412 3301 642 3376 σπονδειάζοντι
660 3307 685 3366 si
707 3310 755 3365 cui
772 3306 855 3366 voles
872 3308 928 3365 τῶν
946 3303 1089 3381 senneber
1107 3327 1160 3385 pro
1177 3314 1229 3368 tuo
1249 3305 1394 3369 vendito.²

291 3391 411 3472 ¹quibus
428 3391 527 3450 verbis
541 3395 665 3450 nimium
678 3412 824 3450 novorum
836 3399 988 3470 poetarum
1004 3409 1133 3451 amorem
1146 3409 1283 3452 versuum
1294 3391 1396 3453 heroi·

303 3495 404 3535 corum
425 3479 458 3534 in
478 3475 565 3534 binos
591 3475 738 3554 spondeos
762 3480 934 3537 exeuntium
959 3475 1058 3555 lepide
1083 3495 1138 3536 nee
1159 3479 1304 3537 immerito
1326 3497 1394 3557 per·

304 3562 433 3638 stringit
458 3563 584 3619 nimium
602 3580 730 3621 amorem
748 3560 881 3621 dicimus.
909 3581 979 3621 nam
992 3560 1252 3640 spondiazontibus
1270 3567 1394 3625 omuino

303 3646 453 3706 abstinere
478 3649 649 3725 paucissimi
674 3653 790 3705 tantum
815 3653 920 3726 poetae
942 3645 1049 3706 Graeci
1075 3647 1235 3726 Latinique
1261 3651 1393 3708 animum

301 3732 494 3804 induxerunt,
516 3733 638 3811 ipseque
655 3729 758 3790 (licere
775 3731 808 3790 in
824 3732 944 3791 Arateis
965 3731 1055 3791 semel
1076 3731 1237 3792 eiusmodi
1254 3731 1392 3793 hexame-

300 3826 380 3877 trum
397 3817 517 3877 admisit
533 3815 604 3893 (vol.
622 3816 679 3890 XI,
696 3836 725 3895 p.
744 3818 806 3875 107
824 3816 869 3876 ed.
886 3818 963 3877 Bait.
982 3824 1011 3876 et
1027 3816 1132 3894 Kays,
1150 3837 1178 3875 v.
1194 3814 1275 3894 237).
1312 3820 1391 3879 conf.

301 3901 340 3961 A.
366 3902 527 3964 Vierteliue
561 3902 594 3960 in
629 3900 727 3959 annal.
758 3900 860 3981 philol
893 3910 914 3960 t.
945 3900 1105 3975 LXXXV,
1139 3922 1168 3981 p.
1200 3902 1259 3961 801
1289 3922 1328 3962 ss.
1363 3913 1392 3964 et

301 3986 339 4045 A.
352 3987 543 4047 Ludwichius
559 3989 593 4045 in
606 3985 810 4046 dissertatione
828 3986 865 4047 de
882 3986 996 4046 hexam.
1011 3994 1088 4065 poet.
1103 3985 1208 4046 Graec.
1223 3987 1390 4066 spondieeis

300 4071 390 4130 Halis
413 4093 440 4132 a.
465 4073 546 4131 1866
570 4070 658 4144 edite,
683 4071 790 4150 quibus
812 4079 912 4131 tamen
933 4072 1073 4152 utrisque,
1097 4092 1163 4131 cum
1183 4075 1216 4130 in
1239 4070 1390 4133 Ciceronis

299 4155 421 4216 Arateis
438 4156 497 4216 duo
515 4156 762 4237 spondiazontum
779 4157 915 4237 exempla
935 4160 1033 4216 inesse
1050 4156 1210 4230 crederent,
1233 4157 1343 4218 accidit
1358 4167 1392 4218 ut
