2968 4990
534 397 762 442 Puomsommvs
1109 399 1195 442 xcvn

97 520 259 580 volumina
272 518 395 598 adparet
408 520 439 577 in
452 538 545 576 unum
560 518 690 578 codicem
704 537 800 599 neque
814 537 882 579 eum
893 519 1078 598 peramplum
1090 519 1194 579 referri

99 608 244 685 potuisse.
280 623 368 684 quem
385 603 518 664 laborem
535 605 586 683 qui
607 607 743 682 suscepit,
770 607 796 662 is
817 623 877 663 non
899 604 1031 681 singulos
1053 604 1195 683 deinceps

97 690 223 750 libellos
238 691 430 768 transcripsit,
446 687 499 748 sed
511 709 620 748 novam
630 688 859 748 ordinandorum
869 693 1033 748 carminum
1047 693 1193 748 rationem

101 778 289 834 extrinsecus
308 778 430 852 petitam
447 775 523 832 iniit.
554 776 694 832 nimirum
711 775 858 853 poematia
874 774 969 852 lyrica
986 776 1076 834 variis
1093 778 1194 834 metris

101 858 227 919 condita
243 862 339 938 primo
353 858 417 918 loco
430 861 529 936 posuit
546 859 589 917 ita
605 866 638 917 ut
650 862 728 918 inter
740 858 1003 937 hendecasyllabos
1017 858 1194 939 phalaecios,

100 963 201 1021 genus
226 945 316 1021 longe
341 943 619 1023 frequentissimum,
650 943 698 1002 hic
723 943 786 1003 illic
806 943 957 1017 iambicos,
984 944 1195 1023 asclepiadeos,

102 1028 272 1109 sapphicus,
296 1029 464 1107 glyconeos‚
487 1031 624 1106 priapeos
645 1047 748 1088 versus
769 1031 943 1102 intericeret,
968 1033 1101 1089 carmina
1122 1048 1193 1088 vero

101 1117 219 1173 maiora
241 1116 273 1172 in
294 1113 392 1173 medio
411 1112 576 1172 conlocavit
594 1120 623 1172 et
646 1112 756 1189 elegias
774 1113 901 1192 quidem,
924 1115 957 1172 in
978 1114 1085 1192 quibus
1108 1116 1195 1173 metri

103 1219 199 1258 causa
224 1201 313 1259 etiam
338 1201 458 1257 ianuam
484 1200 659 1269 numeravit,
691 1205 757 1276 post
782 1196 896 1277 reliqua
922 1200 1072 1257 coustituit
1102 1218 1195 1278 eoque

103 1282 196 1342 modo
222 1287 380 1343 transitum
406 1283 464 1342 sibi
491 1281 529 1340 ad
549 1290 728 1360 postremam
755 1291 868 1361 partem
893 1286 1018 1362 paravit,
1046 1286 1079 1342 in
1104 1303 1194 1362 quam

102 1372 210 1428 omnia
227 1370 342 1427 minora
364 1370 495 1426 carmina
513 1367 617 1426 eodem
639 1375 731 1426 metro
755 1367 886 1444 elegiaco
905 1369 1058 1445 conposita
1074 1370 1193 1447 recepit.

100 1453 187 1533 quod
213 1451 333 1532 quidem
362 1451 450 1510 facile
474 1450 658 1528 intellegitur
682 1471 744 1511 non
768 1455 899 1530 potuisse
920 1454 980 1511 nisi
1002 1456 1045 1511 sic
1071 1453 1137 1512 fieri
1162 1459 1196 1513 ut

102 1537 194 1596 modo
213 1555 251 1596 ex
268 1536 324 1596 hoc
346 1535 432 1596 modo
451 1554 489 1596 ex
512 1535 563 1594 illo
586 1535 736 1595 volumine
753 1536 884 1596 hauriret
900 1539 1116 1617 pristinumque
1133 1557 1195 1596 car·

103 1626 221 1682 minum
239 1621 372 1680 ordinem
390 1620 473 1680 nulla
486 1639 582 1680 rerum
595 1630 819 1701 temporumque
834 1625 948 1681 ratione
961 1621 1064 1681 habita
1078 1623 1195 1682 tolleret

102 1709 196 1766 etita
214 1705 366 1766 confusam
388 1709 475 1764 istam
498 1709 667 1782 congeriem
689 1716 808 1779 crearet,
830 1710 863 1765 in
885 1727 945 1787 qua
965 1706 1054 1767 hodie
1072 1707 1194 1767 offendi·

104 1811 185 1865 mus,
213 1794 261 1850 cui
287 1810 360 1870 quos
386 1792 471 1850 initio
498 1792 586 1850 unius
613 1790 772 1850 voluminis
793 1794 949 1852 invenerat
973 1793 1133 1852 versiculos
1155 1792 1195 1851 ad

106 1875 280 1936 Cornelium
297 1878 420 1954 scriptos
438 1883 591 1955 tamquam
608 1883 708 1954 aptam
725 1880 815 1936 totius
833 1879 962 1955 corporis
980 1877 1194 1955 praefationem

104 1965 283 2041 praeposuit.
319 1960 390 2019 hinc
408 1960 552 2038 explicari
569 1968 705 2038 putamus
727 1961 807 2039 quod
825 1964 956 2020 carmina
974 1962 1011 2021 ob
1029 1982 1133 2021 causas
1149 1966 1194 2021 in-

104 2055 233 2105 trorsum
260 2049 332 2104 sitas
357 2044 519 2122 iungenda,
547 2063 623 2123 quae
644 2047 781 2122 primitus
803 2044 883 2103 haud
905 2046 994 2105 dubio
1015 2065 1077 2105 non
1099 2046 1193 2105 solum

103 2129 211 2190 eodem
233 2132 265 2188 in
288 2129 389 2189 libello
407 2128 591 2206 legebantur,
614 2129 666 2187 sed
690 2131 779 2188 etiam
795 2132 881 2188 iuxta
901 2133 999 2208 posita
1020 2138 1071 2190 aut
1093 2133 1195 2190 vicina

104 2224 200 2288 erant,
223 2215 255 2273 in
271 2215 347 2274 libro
364 2213 404 2272 ad
424 2223 554 2273 nostram
571 2220 699 2272 aetatem
720 2222 883 2293 propagato
902 2214 962 2273 alia
978 2235 1087 2292 magno
1104 2219 1194 2274 inter-

105 2300 187 2359 vallo
206 2320 225 2359 a
241 2317 272 2358 se
291 2298 408 2372 distant,
432 2297 492 2357 alia
514 2298 639 2375 siugulis
661 2305 776 2358 tantum
793 2298 904 2359 diversi
921 2303 1039 2376 generis
1057 2303 1194 2360 carmini-

104 2385 162 2445 bus
184 2391 319 2464 separata
346 2392 422 2456 sunt,
451 2383 510 2442 alia
533 2385 672 2443 continuo
698 2402 762 2444 sese
785 2386 943 2463 excipiunt.
980 2393 1069 2465 atque
1091 2387 1124 2443 in
1147 2385 1194 2446 his

102 2468 226 2550 quidem
248 2472 376 2546 vestigia
398 2467 509 2528 ordinis
531 2468 568 2529 ab
590 2472 656 2547 ipso
677 2477 766 2548 poeta
782 2472 844 2530 sive
862 2469 900 2530 ab
918 2471 1020 2529 amicis
1037 2491 1110 2550 quos
1126 2479 1194 2550 post

105 2559 170 2616 cius
196 2562 318 2615 mortem
344 2554 458 2614 inedita
486 2553 665 2633 disposuisse
692 2556 870 2614 coniecimus
894 2558 1024 2615 instituti
1046 2566 1097 2615 aut
1122 2575 1193 2616 vere

107 2659 245 2719 expressa
262 2648 313 2699 aut
329 2640 435 2699 leviter
451 2640 571 2698 turbata
588 2638 804 2717 adgnoscimus.
833 2641 876 2699 sic
888 2643 987 2700 statim
1003 2649 1071 2720 post
1084 2645 1193 2720 epistu-

106 2725 166 2784 lam
178 2724 218 2783 ad
227 2724 373 2803 Nepotem
386 2727 443 2783 tria
460 2727 556 2803 prima
570 2727 702 2783 carmina
714 2727 842 2804 passeris
856 2734 1001 2798 secuntur,
1020 2743 1089 2785 nam
1103 2730 1192 2785 etiam

106 2808 242 2868 mutilum
255 2808 287 2867 id
305 2812 484 2887 poematium
498 2808 577 2887 quod
594 2827 717 2868 numero
731 2810 784 2868 11³
801 2811 983 2886 signavimus
996 2812 1049 2868 vix
1062 2810 1192 2870 dubitari

106 2901 202 2974 potest
224 2897 297 2973 quin
323 2893 362 2951 ad
386 2895 472 2951 initia
499 2897 606 2952 amoris
628 2892 756 2954 Lesbiae
780 2897 955 2972 pertinuerit
981 2891 1069 2969 (conf.
1093 2895 1191 2953 adnot.

105 2976 192 3050 crit).
218 2976 326 3037 deinde
344 2979 477 3036 carmina
492 2977 542 3035 IX
559 2986 588 3036 et
605 2977 637 3036 X
654 2978 735 3036 haud
752 2977 878 3036 multum
895 2974 983 3037 ambo
999 2987 1067 3057 post
1081 2978 1192 3038 Catulli

108 3084 146 3125 ex
160 3063 304 3141 Bithynia
316 3061 442 3121 reditum
457 3064 568 3139 scripta
580 3060 655 3120 nihil
671 3062 787 3140 inpedit
799 3082 858 3140 quo
872 3066 969 3121 minus
986 3065 1020 3120 in
1038 3062 1139 3123 libello
1153 3065 1192 3123 ad

108 3146 279 3209 Cornelium
300 3149 389 3205 misso
412 3148 553 3204 continua
573 3145 664 3206 fnisse
686 3154 858 3206 statuamus.
894 3166 991 3226 neque
1013 3151 1102 3220 enim,
1124 3170 1191 3208 cum

107 3241 225 3314 poetam
250 3251 326 3312 quae
352 3229 390 3290 ad
415 3233 508 3308 ipsius
534 3233 627 3290 vitam
653 3238 820 3310 spectarent
842 3231 939 3291 divisa
960 3234 1140 3311 temporibus
1163 3243 1193 3294 et

107 3321 181 3379 serie
198 3336 296 3376 rerum
313 3315 429 3393 digesta
447 3318 634 3393 conposuisse
657 3315 871 3390 contendimus,
895 3316 984 3376 simul
1006 3326 1109 3394 gratae
1131 3323 1192 3379 cui·

106 3403 176 3463 dam
192 3405 331 3461 varietati
348 3421 415 3460 eum
433 3400 579 3461 studuisse
595 3419 746 3478 negamus.
781 3421 867 3480 porro
882 3406 1013 3461 carmina
1024 3403 1192 3465 LII--LV

109 3487 201 3548 eidem
221 3488 321 3546 omnia
338 3507 416 3545 anno
433 3481 547 3563 700l54
561 3485 749 3546 attribuenda
766 3505 829 3546 esso
845 3486 983 3560 vidimus,-
1001 3497 1129 3568 suntque
1146 3509 1190 3562 ea,

110 3572 188 3633 siah
206 3572 309 3632 ultimo
322 3575 485 3644 recesseris,
500 3571 628 3650 quodam
646 3590 763 3651 quoque
776 3574 960 3649 cognationis
978 3575 1097 3634 vinculo
1115 3577 1192 3634 inter

107 3676 140 3718 se
161 3660 325 3717 coniuncta.
361 3656 560 3736 frequentiora
583 3660 671 3716 etiam
693 3657 830 3735 exempla
846 3661 879 3716 in
896 3666 1043 3737 postrema
1061 3663 1191 3736 corporis

111 3750 191 3822 parte
218 3741 473 3821 deprehendimus,
501 3761 577 3820 quae
605 3744 705 3802 omnia
725 3744 873 3819 poematia
896 3742 1028 3802 distichis
1051 3742 1190 3820 elegiacis

111 3827 187 3886 facta
204 3831 342 3887 continet
370 3826 497 3886 conferri
512 3829 546 3885 in
563 3845 627 3886 earn
645 3845 707 3886 rem
728 3827 864 3886 iubemus
878 3831 1009 3886 carmIna
1021 3827 1189 3887 LXXII-

112 3911 268 3973 LXXVII.
303 3911 443 3971 LXXIX
461 3919 490 3972 et
510 3911 640 3970 LXXX.
675 3911 1003 3972 LXXXVIH-XCI.
1034 3911 1143 3972 XCIII
1161 3921 1191 3972 et

111 3996 221 4058 XCIV.
243 3997 330 4059 XCV
344 4005 373 4057 et
389 3995 478 4058 XCV
490 4001 511 4054 ⁸.
539 3995 596 4056 CX
613 4003 642 4056 et
660 3995 742 4057 CXI.
770 3996 872 4057 CXIV
885 4004 914 4056 et
932 3996 1025 4057 CXV.
1051 3999 1110 4056 iam
1125 4001 1191 4078 quis

112 4082 160 4143 ille
177 4081 266 4142 fuerit
283 4086 335 4162 qni
353 4084 484 4142 carmina
498 4079 667 4142 Catulliana
684 4085 717 4141 in
735 4101 839 4161 corpus
852 4081 932 4160 quod
948 4089 1030 4142 extat
1045 4082 1193 4161 redigeret

113 4177 162 4228 aut
185 4187 243 4247 quo
265 4175 395 4248 tempore
413 4174 442 4226 et
463 4168 516 4227 ubi
537 4169 647 4227 vixerit
664 4166 819 4227 obscurum
836 4174 882 4228 est
902 4167 1029 4248 quidem,
1053 4168 1105 4230 sed
1126 4187 1194 4231 sera

162 4264 255 4306 estrees
1003 4265 1024 4309 G
