2976 5004
569 379 687 436 umus
1101 361 1145 431 73

156 501 219 569 ‘sed
236 499 337 568 cuivis
355 503 501 586 quamvis
518 503 624 588 potius
642 503 849 568 succumbere
866 525 924 588 par
941 512 1000 582 est,

203 617 301 680 quam
317 607 450 662 matrem
468 597 580 663 fratres
598 620 639 664 ex
655 606 769 683 patruo
785 618 906 683 parere.

545 829 716 842 u*

576 1038 685 1106 CXII.

94 1157 244 1222 Multus
265 1156 361 1267 homo
384 1179 429 1235 es,
455 1157 555 1235 Nas03
581 1179 686 1241 neque
710 1168 815 1222 tecum
837 1156 956 1222 multus
978 1156 1073 1222 homo
1091 1166 1142 1223 est

311 1274 345 1315 ιιι

159 1273 338 1410 desoemlit:
361 1313 458 1419 Naso,
476 1342 596 1408 multus
613 1365 648 1408 es
666 1353 698 1408 et
714 1341 871 1428 pathicus.

543 1573 714 1586 ——u

564 1783 694 1850 CXIH.

160 1903 302 1970 Consule
318 1904 474 1990 Pompeio
492 1905 629 1989 primum
647 1905 721 1980 duo,
741 1902 857 1982 Cinna,
875 1905 1022 1972 solebant

202 1999 399 2066 Maecilium:
422 1998 506 2063 facto
525 1999 653 2063 consule
669 2020 755 2063 nunc
773 1999 886 2064 iterum

158 2103 344 2160 manserunt
361 2093 436 2169 duo,
454 2093 510 2157 sed
528 2102 697 2158 creverunt
713 2091 800 2157 milia
816 2093 849 2156 in
867 2115 966 2157 unum

203 2187 338 2274 singula.
382 2187 555 2252 fecundum
572 2208 680 2251 semen
698 2185 863 2280 adulterio.

542 2417 715 2432 ——0—4,

584 2627 711 2695 CXIV.

157 2749 309 2816 Firmano
326 2747 409 2812 saltu
426 2769 492 2812 non
509 2747 590 2813 falso
607 2746 757 2812 Mentula
774 2746 863 2812 dives

200 2846 311 2919 fertur,
329 2843 385 2925 qui
402 2852 448 2907 tot
465 2863 515 2906 res
533 2842 566 2905 in
584 2864 618 2907 se
640 2841 737 2906 habet
753 2842 908 2926 egregias,

158 2937 304 3022 aucupia,
322 2957 415 3000 omne
432 2957 534 3022 genus
552 2935 657 3021 piscis,
675 2945 777 3019 prata,
796 2957 872 2998 arva
889 2936 1047 3020 ferasque.

201 3031 408 3116 nequiquam:
431 3030 553 3094 fructus
570 3029 749 3114 sumptibus
768 3041 930 3113 exuperat.

159 3148 257 3211 quare
275 3123 414 3189 concedo
433 3122 473 3187 sit
490 3123 589 3200 dives,
608 3122 684 3186 dum
703 3122 809 3186 omnia
827 3122 937 3188 desint.
1152 3138 1176 3194 5

201 3219 318 3285 saltum
334 3216 511 3294 laudemus,
530 3217 607 3281 dum
624 3216 753 3282 modulo
771 3216 840 3302 ipse
858 3225 960 3302 egeat.

568 3656 676 3726 CXV.

157 3779 303 3847 Mentula
321 3779 417 3844 habet
434 3776 524 3842 iuxta
541 3777 670 3864 triginta
686 3777 799 3864 iugera
815 3779 908 3865 prati,

199 3873 410 3960 quadraginta
427 3872 509 3937 arvi:
527 3884 634 3938 cetera
650 3883 724 3937 sunt
742 3873 850 3937 maria.

157 3992 214 4034 cur
230 3989 295 4033 non
314 3967 432 4032 divitiis
451 3963 605 4031 Croesum
625 3989 775 4052 superare
792 3965 874 4052 potis
893 3966 944 4044 sit,

199 4084 263 4127 uno
282 4061 387 4144 quiin
405 4061 487 4126 saltu
504 4070 551 4125 tot
568 4061 650 4126 bona
668 4059 838 4146 possideat,

131 4191 134 4196 ·
156 4167 256 4242 prata,
274 4177 361 4233 arva,
379 4154 525 4240 ingentes
543 4153 638 4220 silvas
657 4153 818 4240 saltusque
835 4153 1032 4240 paludesque
1153 4169 1176 4224 5
