2954 4990
310 411 377 453 xm
743 405 972 450 mondoum

310 528 390 589 idem
403 527 507 588 Cicero
522 529 556 585 in
572 524 652 585 binis
668 524 774 584 litteris
791 545 818 584 a
837 520 951 604 695159
970 524 1010 584 ad
1027 523 1152 584 eundem
1169 523 1255 598 datis,
1272 525 1368 584 1112
1385 527 1411 584 2

311 623 342 674 et
360 615 401 672 14
419 617 447 686 1,
470 612 540 672 dum
564 609 601 670 de
622 610 657 668 P.
676 609 781 670 Clodio
804 614 925 690 eiusque
946 628 1045 670 sorore
1068 611 1207 690 loquitur,
1233 612 1341 686 tangit,
1369 619 1414 670 ut

310 698 349 759 ab
367 697 414 756 bis
431 697 605 777 adparatum
621 695 712 755 fuisse
728 698 793 755 1111
810 697 849 756 sit
866 695 970 768 simila,
987 695 1021 755 id
1033 695 1114 775 quod
1130 715 1184 774 pro
1196 703 1276 756 certo
1293 695 1413 755 babuit

310 785 503 844 Drumannus
520 781 558 854 V,
575 801 603 859 p.
622 781 673 840 80.

374 869 436 926 Tot
458 870 552 943 igitur
575 873 732 945 tantasque
757 873 787 925 et
811 868 844 924 in
869 868 1003 944 personis
1028 873 1059 925 et
1078 869 1111 924 in
1132 865 1220 925 rebus
1244 867 1410 944 utriusque

310 952 442 1012 mulieris
467 950 674 1010 similitudines
700 954 767 1030 quis
792 949 851 1010 sibi
875 949 1064 1028 persuadebit
1088 954 1170 1010 casui
1195 948 1408 1010 attribuendas

201 1089 210 1105 ,
312 1035 397 1097 csse?
418 1057 458 1094 11
475 1045 512 1096 tu
531 1044 649 1114 praeter
670 1033 805 1095 Clodiam
823 1033 860 1108 Q.
878 1033 992 1094 Metelli
1015 1034 1128 1095 Celeris
1148 1053 1271 1095 uxorem
1291 1043 1409 1094 matro-

312 1143 382 1181 nam
404 1119 536 1181 eiusdem
562 1123 691 1180 nominis
717 1123 873 1181 etaetatis
898 1123 1017 1193 novisti,
1043 1124 1077 1179 in
1099 1140 1159 1200 qua
1179 1119 1319 1179 Lesbiam
1343 1119 1407 1180 Ca-

310 1205 466 1266 tullianam
488 1205 589 1286 aliqua
610 1226 676 1264 cum
695 1205 905 1284 probabilitate
926 1203 1110 1282 adgnosoas?
1135 1203 1333 1283 reputandum
1356 1217 1407 1266 est

310 1296 409 1364 ctiam,
436 1311 496 1372 qua
517 1290 554 1350 de
575 1309 607 1350 re
629 1291 736 1350 Munro
758 1290 778 1350 1
801 1311 826 1350 1.
848 1311 877 1368 p.
897 1290 956 1347 196
979 1296 1010 1350 et
1032 1291 1093 1349 198
1114 1290 1237 1362 monuit,
1258 1289 1405 1367 vulgares

310 1380 438 1436 nominis
458 1375 539 1457 quod
555 1383 600 1435 est
618 1374 792 1434 Claudius
809 1375 920 1434 formas
942 1373 1091 1434 Clodius
1109 1372 1238 1433 Clodia
1258 1379 1293 1434 in
1308 1384 1404 1453 gente

311 1461 439 1522 Claudia
459 1470 490 1521 et
513 1463 639 1539 patricia
660 1468 691 1519 et
710 1459 828 1538 plebeia
849 1477 983 1537 perraras
1005 1477 1077 1532 esse,
1102 1463 1260 1539 ipsumque
1283 1468 1404 1537 patrem

310 1547 435 1607 Clodiae
452 1545 681 1625 quadrantariae
693 1543 826 1622 duosque
838 1542 943 1602 batres
959 1551 1032 1603 natu
1048 1547 1174 1604 maiores
1191 1564 1301 1606 nomon
1313 1565 1404 1606 suum

310 1631 423 1707 gentile
439 1649 492 1708 par
509 1628 727 1708 diphthongum
744 1631 903 1706 scripsisse,
921 1649 988 1688 cum
1003 1629 1095 1689 frater
1115 1632 1255 1689 minimus
1271 1627 1402 1692 Publius

310 1723 341 1774 et
357 1724 416 1774 tres
433 1732 546 1773 sorores
564 1716 628 1772 cius
645 1721 697 1773 aut
717 1717 776 1791 ipsi
793 1712 915 1772 alteram
935 1713 1060 1774 formam
1081 1713 1265 1792 praeferrent
1285 1723 1338 1774 aut
1361 1717 1401 1775 ab

310 1799 483 1879 aequalibus
501 1797 649 1858 ‘Clodius’
668 1806 698 1857 et
715 1796 851 1858 ‘Clodia'
869 1797 1036 1858 dicerentur
1052 1795 1177 1874 (unicus,
1200 1799 1280 1878 quod
1297 1803 1400 1872 sciam,

309 1885 391 1944 locus
408 1904 466 1963 quo
484 1882 520 1957 Q.
538 1883 654 1942 Metelli
673 1902 750 1943 uxor
767 1882 921 1942 ‘Claudia’
943 1882 1110 1962 adpellatur
1131 1891 1176 1944 est
1196 1887 1230 1942 in
1250 1884 1360 1944 litteris
1382 1907 1402 1944 a

311 1967 454 2029 Cicerone
466 1988 492 2027 1
507 1964 622 2045 692162
636 1967 784 2046 adipsum
793 1966 946 2027 Metellum
959 1966 1045 2041 datis,
1059 1972 1143 2048 epist.
1158 1967 1198 2028 ad
1209 1969 1279 2027 fam.
1287 1969 1347 2029 V2
1359 1968 1400 2045 o).

310 2053 386 2114 conf.
403 2053 443 2114 do
461 2053 573 2132 duplici
589 2056 717 2113 nominis
734 2051 830 2112 forma
841 2053 1033 2112 Drumannus
1045 2053 1088 2127 H,
1100 2073 1130 2131 p.
1144 2053 1215 2112 200.
1242 2072 1260 2112 1
1274 2053 1400 2134 reliquis

310 2147 408 2200 autem
420 2147 537 2218 praeter
549 2137 790 2218 quadrantariam
800 2137 950 2198 sororIbus
963 2137 1073 2212 Publii,
1091 2157 1165 2217 quas
1178 2147 1209 2199 et
1224 2142 1306 2217 ipsas
1318 2141 1401 2200 mala

309 2224 389 2284 fama
405 2224 556 2284 laborasse
572 2243 676 2283 verum
693 2231 744 2296 est,
767 2241 807 2282 ne
828 2222 951 2281 alteram
971 2231 1068 2282 utram
1088 2242 1142 2301 pro
1158 2223 1270 2282 Lesbia
1287 2222 1401 2285 Catulli

308 2309 469 2369 habeamus
490 2328 580 2368 causa
601 2311 777 2384 gravissima
797 2307 994 2384 prohibemur.
1028 2323 1154 2385 quarum
1171 2327 1245 2379 una,
1267 2313 1400 2370 omnium

310 2414 441 2452 sororum
453 2403 526 2452 natu
538 2397 676 2464 maxima,
687 2389 846 2464 11111111
854 2393 941 2468 Regi,
951 2393 1065 2452 consuli
1074 2412 1100 2451 a
1109 2389 1233 2470 686168,
1247 2405 1398 2472 nupserat,

309 2496 397 2556 quem
410 2486 479 2537 ante
491 2497 602 2536 anuum
616 2475 728 2552 693161
743 2485 866 2536 mortem
878 2477 976 2537 obisse
988 2480 1094 2537 scimus
1107 2477 1196 2555 (conf.
1205 2478 1400 2541 Drumannus

309 2564 351 2636 Π,
369 2583 398 2642 p.
417 2558 501 2637 376).
535 2580 571 2621 1ο
589 2568 687 2621 autem
709 2580 787 2620 auno
804 2561 944 2621 Lesbiam
965 2566 1101 2622 marium
1122 2566 1212 2622 etiam
1233 2563 1326 2624 fuisse
1346 2565 1400 2624 ad·
1466 2529 1467 2614 1

308 2647 433 2725 parebit,
459 2646 513 2706 ubi
527 2645 571 2706 de
596 2650 735 2724 temporis
757 2666 815 2725 quo
839 2644 974 2706 Catullus
999 2665 1065 2707 eam
1090 2647 1208 2707 amabat
1232 2650 1399 2712 rationibus

309 2751 497 2811 exponemus.
536 2731 675 2810 idemque
705 2739 910 2808 argumentum
943 2738 1025 2791 vetat
1054 2732 1092 2792 de
1124 2731 1295 2792 Clodiarum
1325 2743 1401 2796 natu

308 2821 432 2876 minima
457 2820 591 2894 cogitari,
618 2835 707 2895 quam
732 2816 767 2874 L.
793 2816 928 2875 Licinius
953 2816 1096 2877 Lucullus
1120 2821 1153 2876 in
1178 2821 1400 2880 matrimonium

309 2902 443 2962 duxerat
479 2905 531 2982 qui
548 2919 587 2961 ex
603 2899 682 2962 bello
700 2899 902 2960 Mithridatico
919 2902 1044 2962 Romam
1059 2921 1194 2963 reversus
1216 2923 1283 2962 cum
1303 2923 1401 2966 uxore

308 2988 468 3048 divortium
496 2987 569 3047 fecit
598 3003 721 3066 eamque
747 3005 773 3044 a.
801 2982 914 3062 693161
941 2985 1060 3065 publice
1086 2990 1180 3068 stupri
1210 3007 1277 3047 cum
1306 2987 1401 3051 fratre

271 3069 1399 3160 mm...)
1465 3087 1466 3107 ‘

308 3249 406 3300 aetate
415 3240 538 3301 Clodiae
547 3241 776 3322 quadrantariae
788 3242 915 3301 iniectus
928 3249 981 3301 est.
1000 3259 1076 3320 quae
1090 3261 1157 3300 cum
1171 3250 1245 3302 teste
1253 3240 1401 3306 Cicerone
1464 3285 1465 3312 ,

308 3327 341 3384 in
359 3324 502 3385 Caeliana
520 3325 537 3399 ᾖ
557 3327 596 3384 36
614 3329 709 3386 maior
725 3326 815 3386 fuerit
832 3325 923 3386 fratre
938 3325 1056 3398 Publio,
1074 3327 1099 3384 is
1117 3335 1224 3400 autem,
1241 3327 1341 3406 quoad
1360 3349 1401 3390 ex
1464 3345 1465 3425 1

308 3410 531 3486 magistratibus
547 3411 585 3469 ab
600 3429 634 3470 eo
652 3412 752 3488 petitis
770 3412 919 3490 gestisque
932 3409 1069 3470 concludi
1080 3411 1158 3485 licet,
1176 3431 1203 3470 a
1218 3407 1400 3490 661193111

310 3489 598 3572 66219211111111
619 3494 715 3554 editus
741 3493 891 3568 videatur,
918 3495 1091 3556 Schwabiue
1115 3516 1144 3576 p.
1168 3497 1209 3554 59
1235 3507 1399 3575 praeeunte

308 3579 542 3656 Iungclausseno
559 3600 587 3658 p.
607 3581 626 3638 8
644 3579 727 3638 illam
745 3600 771 3639 a.
791 3576 1224 3660 659195111660194111111
1246 3601 1310 3642 esse
1330 3603 1400 3662 pro·
1463 3585 1464 3664 1

308 3664 447 3726 habiliter
464 3667 573 3723 statuit.
600 3667 700 3744 itaque
714 3661 858 3737 Catullus,
876 3668 902 3724 si
914 3665 1093 3746 Hieronymi
1111 3665 1149 3726 de
1165 3666 1315 3726 natalibus
1333 3669 1398 3728 eius
1463 3665 1464 3745 1

307 3751 476 3810 testimonio
494 3747 678 3822 confidimus,
697 3757 809 3828 septem
822 3758 926 3810 octove
943 3753 1029 3810 annis
1043 3770 1078 3810 ea
1091 3749 1198 3810 Clodia
1210 3752 1307 3811 minor
1323 3764 1397 3828 erat,

308 3839 476 3894 sinautem
501 3842 620 3912 poetam
647 3833 1128 3913 111111111672182111111
1154 3855 1218 3896 esse
1243 3840 1397 3912 sumimus,

308 3920 388 4000 quod
404 3919 484 3978 infra
501 3919 626 3998 probare
643 3919 779 3992 conabor,
797 3921 952 3979 minimum
970 3920 1133 3982 duodecim.
1169 3940 1230 4000 qua
1245 3930 1347 3982 tamen
1364 3926 1397 3984 in

307 4024 341 4064 re
358 4025 410 4064 our
427 4004 611 4065 offendamus
632 4003 708 4062 nihil
725 4012 778 4064 est.
813 4006 900 4064 istam
917 4007 996 4065 enim
1016 4005 1170 4066 mulierem
1191 4025 1291 4068 nonne
1312 4015 1398 4068 tanta
1462 3989 1463 4063 1

308 4089 399 4150 fuisse
424 4097 580 4151 venustate
610 4091 717 4175 ecimus
747 4095 781 4147 ut
809 4109 888 4150 anno
918 4091 1007 4151 etiam
1034 4086 1162 4168 698156,
1194 4111 1261 4150 cum
1288 4091 1398 4153 duodo

309 4173 506 4255 quadraginta
523 4177 679 4234 minimum
696 4193 840 4234 annorum
857 4183 941 4249 esset,
964 4183 1007 4235 tot
1022 4177 1146 4236 iuvenes
1162 4175 1317 4237 lenociniis
1335 4181 1397 4238 suis
