2954 4990
280 325 344 369 m
714 321 942 366 nomenata

280 444 329 508 VI
350 444 399 504 34.
421 441 471 503 XI
492 443 520 503 6.
537 440 604 502 XII
622 437 685 519 59),
706 439 739 500 id
759 442 857 520 potius
873 439 998 502 Aurelio
1014 439 1166 521 Ibrrioque
1186 462 1310 504 musam
1333 451 1390 504 at-

282 529 385 592 tulisse
397 527 483 589 credo
498 526 649 587 Catullum
662 532 714 587 aut
726 525 963 605 reprehendendi
975 536 1026 587 aut
1039 526 1201 588 deridendi
1228 529 1388 607 quoniam

282 623 381 677 autem
398 611 587 673 ‘molliculas’
605 613 676 672 istos
697 609 737 670 ad
753 611 893 672 Lesbiam
913 610 1075 672 versiculos
1095 612 1134 673 ab
1151 611 1276 674 Aurelio
1295 615 1386 674 eius-

282 720 341 781 que
358 701 452 760 amico
469 697 600 774 maligne
617 695 769 756 vellicatos
786 698 818 756 in
835 717 860 756 c.
877 696 1016 757 XLVIII
1032 696 1072 756 ad
1087 699 1259 758 Iuventium
1280 702 1388 760 misso

282 785 416 866 paullum
425 784 554 842 variatos
562 788 651 860 poeta
658 783 773 859 repetit,
781 783 881 841 nescio
895 801 935 842 an
948 781 1081 842 consulto
1090 782 1209 845 illorum
1216 783 1387 844 hominum

281 868 509 952 pungendorum
526 885 616 926 causa
631 867 675 926 ita
690 866 802 927 fecerit.

346 955 438 1013 Brevi
462 959 529 1032 post
555 949 689 1012 Catullus
716 950 909 1012 Caesarianos
935 951 1079 1031 quosdam
1103 958 1134 1012 et
1158 953 1255 1031 ipsum
1280 955 1386 1014 etiam

284 1039 442 1100 Caesarem
468 1057 535 1098 cum
559 1036 703 1116 Pompeio
729 1037 826 1116 coepit
854 1035 1007 1096 lacessere
1047 1056 1117 1096 nam
1143 1056 1220 1116 quae
1250 1056 1289 1097 ex
1315 1037 1386 1098 hoc

283 1142 392 1202 genere
409 1130 477 1182 sunt
497 1124 630 1182 carmina
646 1142 707 1181 non
727 1123 770 1182 ita
791 1121 881 1199 longo
898 1123 1037 1200 temporis
1060 1121 1216 1182 intervallo
1239 1124 1319 1182 inter
1343 1143 1382 1184 se

283 1210 393 1270 distare
406 1207 537 1287 adparet,
551 1227 644 1267 unum
657 1215 754 1268 autem
767 1225 876 1280 eorum,
892 1225 1011 1266 carmen
1023 1206 1144 1280 XXIX,
1159 1227 1238 1267 anno
1253 1201 1379 1287 699j55
1466 1257 1467 1268 2

283 1303 415 1356 extrenm
442 1301 494 1353 aut
518 1293 621 1372 primis
648 1292 798 1353 mensibus
819 1293 893 1352 anni
915 1283 1030 1371 7⁰⁰l54
1051 1293 1192 1370 scriptum
1217 1310 1282 1352 esse
1303 1313 1383 1354 cum
1466 1293 1467 1314 ¹

282 1401 372 1460 supra
392 1379 529 1452 diximus,
551 1385 615 1438 tum
635 1377 716 1438 infra
736 1384 870 1437 accurate
888 1376 1159 1438 demonstrabimus.
1194 1396 1256 1437 non
1273 1385 1383 1456 potest

282 1473 382 1526 autem
398 1467 503 1541 negari
519 1481 558 1523 ne
576 1481 625 1523 eae
643 1461 763 1542 quidem
779 1463 949 1522 iuimicitias
970 1482 1031 1521 non
1052 1463 1171 1522 initium
1192 1461 1315 1523 duxisse
1335 1482 1377 1524 ex

281 1558 388 1630 poetae
408 1548 565 1608 amoribus.
600 1567 672 1607 nam
696 1549 729 1606 in
751 1547 930 1608 carminibus
951 1547 1028 1606 XLI
1049 1554 1080 1606 et
1097 1546 1216 1620 XLIII,
1238 1548 1272 1607 in
1293 1568 1380 1627 quae

281 1639 342 1694 iam
354 1654 382 1711 p.
391 1633 457 1692 XII
466 1651 488 1693 s.
503 1631 662 1710 disputatio
675 1632 791 1705 Incidit,
807 1631 941 1693 Catullus
954 1631 1084 1711 puellam
1096 1631 1246 1711 quandam
1258 1633 1378 1694 Trans·

281 1717 438 1799 padanam,
456 1735 534 1797 quae
550 1719 668 1776 veneris
686 1716 807 1776 avidum
823 1719 984 1776 maximam
1001 1718 1144 1796 pecuniae
1158 1737 1301 1778 summam
1318 1739 1380 1797 po-

281 1812 423 1884 poscerat,
447 1800 636 1862 ‘decoctoris’
655 1803 779 1862 amicam
797 1801 977 1862 ‘Formiani'
1000 1801 1139 1881 adpellat.
1174 1823 1232 1882 quo
1249 1806 1378 1866 nomine

280 1887 468 1967 iampridem
480 1886 662 1947 Intellectum
677 1893 722 1947 est
735 1887 898 1964 significari
905 1888 1085 1946 Mamurram
1095 1884 1185 1962 (conf.
1195 1909 1218 1947 c
1227 1887 1318 1948 LVII
1328 1887 1375 1966 4),

281 1975 419 2048 Formiis,
436 1976 470 2032 in
487 1972 561 2033 urbe
577 1972 666 2046 Latii,
683 1980 786 2032 natum
803 1975 932 2052 equitem
948 1974 1124 2046 Romanum,
1142 1976 1195 2052 qui
1212 1993 1279 2032 cum
1297 1972 1375 2036 Cae-

281 2062 355 2122 saris
380 2063 414 2119 in
440 2057 542 2119 Callia
565 2057 731 2137 praefectus
755 2057 873 2118 fabrum
898 2066 987 2131 esset,
1013 2056 1116 2118 favore
1141 2059 1205 2118 eius
1230 2062 1376 2120 maximis
1467 2131 1468 2138 ἵ

282 2153 385 2205 auctus
408 2143 522 2204 diuitiis
542 2139 632 2220 (conf.
655 2141 716 2204 cro.
744 2143 784 2202 ad
804 2142 868 2202 Act.
889 2143 953 2203 VII
975 2144 993 2201 7
1016 2144 1034 2200 6
1057 2149 1088 2202 ct
1107 2142 1188 2204 Plin.
1214 2151 1274 2203 nat.
1302 2143 1372 2205 hist.

281 2230 423 2290 XXXVI
437 2230 455 2288 6
470 2226 524 2304 48)
537 2229 676 2307 profusae
692 2229 830 2290 luxuriae
847 2226 1001 2287 infamiam
1013 2227 1110 2287 subiit
1138 2246 1226 2307 quem
1242 2232 1373 2307 primum

281 2317 394 2376 Romae
414 2317 541 2392 parietes
565 2312 668 2373 domus
690 2332 762 2374 suae
787 2315 819 2372 in
841 2311 943 2373 Caelio
968 2320 1068 2373 monte
1093 2321 1191 2374 crusta
1215 2317 1372 2374 marmoris

282 2400 433 2478 operuisse
449 2405 526 2457 totos
537 2416 593 2458 nec
604 2398 697 2457 ullam
708 2399 753 2458 ibi
765 2399 824 2457 nisi
837 2416 854 2457 e
865 2416 1009 2457 marmore
1023 2396 1160 2476 Carystio
1173 2406 1224 2457 aut
1236 2398 1375 2460 Lunensi

282 2482 448 2544 columnam
459 2481 598 2542 habuisse
612 2480 767 2543 Cornelius
779 2482 880 2560 Nepos
897 2490 1000 2542 auctor
1017 2489 1061 2542 est
1073 2481 1153 2561 apud
1166 2483 1300 2542 Plinium
1311 2483 1330 2542 l
1346 2506 1372 2545 c.

282 2572 384 2647 itaque
400 2587 462 2626 non
478 2574 575 2645 potest
592 2566 722 2626 dubitari
739 2569 813 2647 quin
829 2568 989 2640 Mamurra,
1012 2586 1108 2647 quem,
1131 2567 1202 2627 dum
1222 2568 1277 2627 sub
1296 2567 1376 2630 Cae-1

282 2672 347 2713 sare
364 2652 537 2732 proconsule
553 2651 701 2726 mllitaret,
718 2672 771 2733 per
787 2660 902 2732 tempus
918 2652 1076 2712 hibernum
1093 2655 1209 2733 saepius
1222 2657 1256 2713 iu
1269 2652 1374 2715 Callia

282 2740 416 2798 citeriore
424 2744 573 2798 versatum
587 2755 650 2798 esse
660 2745 889 2798 consentaneum
902 2745 954 2812 est,
965 2736 1083 2798 Catullo
1091 2737 1229 2798 Veronae
1241 2743 1371 2800 moranti

283 2823 372 2885 bilem
394 2842 429 2884 eo
452 2823 578 2884 moverit
593 2821 675 2902 quod
696 2822 862 2902 puellarum
883 2823 1111 2902 provincialium
1132 2824 1246 2884 animos
1268 2826 1372 2885 immo·

281 2909 355 2969 dicis
372 2910 511 2988 praemiis
529 2927 596 2968 cum
612 2927 722 2985 magno
739 2907 919 2987 reliquorum
937 2907 1045 2968 damno
1067 2907 1107 2968 ad
1129 2908 1297 2987 superbiam
1318 2929 1372 2969 ex-

281 2995 405 3055 tolleret
436 2993 576 3055 videntur
592 3000 691 3054 antem
709 2992 767 3052 duo
781 2993 835 3052 illa
851 2996 885 3053 iu
902 2995 1028 3053 amicam
1042 2991 1202 3054 decoctoris
1214 2995 1370 3055 Formiani

281 3082 413 3139 carmina
430 3081 502 3138 cuni
520 3073 633 3156 699l55
653 3077 776 3138 dimidio
798 3080 953 3158 posteriori
974 3077 1161 3155 adsignanda
1182 3097 1255 3140 esse.
1289 3099 1368 3156 nam,

280 3167 325 3223 uti
345 3167 406 3224 iam
432 3183 521 3243 supra
546 3163 683 3238 diximus,
710 3184 777 3224 cum
798 3184 822 3223 c.
839 3163 954 3223 XXIX
973 3166 1016 3223 ita
1038 3163 1197 3223 cohaerent
1218 3171 1251 3223 ut
1274 3164 1368 3225 multo

281 3255 351 3308 ante
373 3250 482 3327 scripta
507 3267 572 3308 esse
592 3251 646 3308 vir
671 3250 769 3328 putari
794 3251 916 3328 possint.
951 3267 1049 3328 neque
1075 3251 1172 3327 aptius
1195 3251 1313 3308 omnino
1333 3250 1369 3310 in
1467 3285 1468 3307 .

280 3336 345 3392 vita
360 3339 466 3411 poetae
481 3341 596 3410 tempus
610 3335 659 3393 cui
671 3352 708 3394 ea
720 3333 832 3394 tribuas
844 3336 1002 3394 inveneris.
1029 3336 1138 3393 etenim
1151 3354 1230 3393 auno
1244 3327 1371 3412 696158,

282 3417 321 3478 de
341 3437 400 3497 quo
421 3415 595 3477 Schwabius
615 3438 645 3496 p.
665 3418 724 3477 141
748 3420 905 3496 cogitavit,
928 3416 1063 3478 Catullus
1078 3421 1193 3479 Romae
1214 3420 1304 3478 etiam
1323 3421 1369 3478 in·

281 3503 365 3563 felici
385 3521 438 3562 suo
459 3501 587 3562 Lesbiae
608 3521 707 3563 amore
727 3504 834 3564 misere
854 3503 1087 3577 conflictabatur,
1114 3503 1309 3583 abhorrctque
1328 3505 1369 3565 ab

282 3591 364 3648 omni
385 3586 594 3667 probabilitate
619 3605 688 3648 eum
709 3591 744 3647 in
764 3587 869 3648 mediis
894 3587 941 3648 his
962 3588 1112 3649 doloribus
1138 3587 1273 3669 odiisque
1294 3588 1370 3650 alias

282 3673 470 3735 condiciones
493 3673 682 3751 quaesivisse,
709 3691 805 3753 neque
827 3675 986 3754 quicquam
1011 3682 1129 3753 poetam
1153 3673 1206 3733 illo
1231 3695 1310 3734 anno
1333 3676 1368 3736 in

281 3761 404 3836 regione
421 3755 638 3837 Transpadana
655 3756 786 3819 adfuisse
801 3758 915 3839 probat
941 3759 999 3818 huc
1017 3757 1132 3819 accedit
1147 3758 1229 3838 quod
1245 3758 1368 3820 dubium

282 3852 327 3905 est
346 3865 419 3904 num
438 3844 591 3903 Mamurra
611 3845 671 3903 iam
696 3850 768 3903 tunc
793 3845 827 3903 in
849 3841 950 3905 Gallia
975 3843 1122 3923 stipendia
1146 3843 1262 3905 feeerit:
1290 3851 1370 3905 certe
1467 3847 1468 3856 ’

282 3930 447 4008 praefectus
468 3928 586 3989 fabrum
606 3927 739 3991 nondum
760 3936 832 4003 erat,
858 3947 893 3989 eo
915 3931 995 3988 enim
1015 3948 1146 4004 munere,
1171 3937 1205 3988 ut
1227 3931 1368 3990 antesin

282 4013 440 4092 Hispania,
467 4015 510 4073 ita
535 4015 621 4073 initio
648 4013 794 4074 bellorum
815 4012 998 4074 Gallicorum
1018 4015 1054 4074 L.
1078 4012 1233 4075 Cornelius
1254 4013 1368 4074 Balbus

283 4098 364 4178 apud
381 4097 539 4161 Caesarem
556 4099 675 4160 iunctus
692 4106 737 4160 est
754 4094 795 4176 (v.
813 4098 874 4160 Cic
892 4119 946 4180 pro
964 4099 1058 4160 Balbo
1076 4098 1094 4174 ᾗ
1114 4101 1153 4158 63
1172 4106 1201 4160 et
1219 4097 1282 4178 64).
1316 4099 1369 4160 scd
