2968 4990
302 1131 573 1213 CATULLI
608 1133 998 1219 VERONENSIS

548 1383 757 1454 LIBER.

639 1649 666 1714 1.

309 1774 396 1856 Quoi
414 1767 496 1841 douo
514 1777 656 1862 lepidum
673 1799 792 1844 novum
810 1779 963 1860 libellum,

309 1869 398 1933 arida
416 1871 510 1933 modo
528 1871 655 1954 pumice
675 1871 868 1956 expolitum?
999 1873 1002 1878 ’

312 1959 451 2039 Corneli,
470 1963 541 2027 tibi:
560 1985 697 2046 namque
716 1977 751 2028 tu
769 1966 893 2031 solebas

309 2077 396 2120 meas
415 2079 483 2121 esse
501 2056 621 2140 aliquid
637 2067 749 2141 putare
766 2080 870 2144 nugas

308 2150 372 2214 iam
390 2161 458 2214 tum
476 2172 549 2214 cum
568 2173 663 2215 ausus
682 2172 716 2215 ea
733 2173 816 2216 unus
834 2152 988 2217 Italorum

309 2265 401 2308 omne
420 2266 533 2308 aevum
552 2244 653 2308 tribus
673 2241 830 2328 explicare
850 2245 976 2325 chartis,

270 2336 420 2412 adootis,
438 2337 591 2422 Iuppiter,
609 2349 641 2402 et
657 2337 834 2404 laboriosis.

309 2451 407 2514 quare
424 2429 506 2495 habe
525 2431 582 2494 tibi
599 2431 755 2514 quidquid
772 2431 833 2496 hoc
850 2431 960 2511 libelli,

309 2523 539 2608 qualecumque
557 2534 623 2601 tuo,
641 2536 784 2610 patrone,
802 2527 900 2590 verbo

282 2618 381 2714 aplus
399 2640 463 2683 uno
481 2629 607 2683 maneat
624 2641 763 2704 perenne
782 2620 895 2686 saeclo.

567 2841 738 2854 —-

628 3041 674 3107 11.

307 3168 435 3246 Passer,
453 3168 584 3234 deliciae
602 3191 692 3235 meae
710 3170 846 3256 puellae,

308 3263 437 3345 quicum
454 3263 574 3339 ludere,
593 3278 688 3346 quem
705 3264 738 3327 in
757 3265 828 3329 sinu
846 3276 963 3344 tenere,

308 3355 384 3440 quoi
401 3356 540 3441 primum
558 3355 692 3441 digitum
711 3358 786 3422 dare
804 3359 965 3444 adpetenti
1028 3407 1031 3412 -

308 3459 340 3514 et
356 3441 436 3514 acris
455 3450 534 3515 solet
551 3450 682 3516 incitare
700 3473 834 3530 morsus,

280 3551 287 3560 ’
307 3559 381 3608 cum
399 3543 553 3608 desiderio
571 3566 642 3609 meo
660 3545 772 3611 nitenti

308 3658 417 3700 carum
435 3637 541 3702 nescio
560 3638 637 3721 quid
654 3639 731 3703 libet
748 3637 844 3704 iocari

306 3733 362 3810 †et
379 3730 561 3795 solaciolum
580 3733 630 3796 sui
648 3733 775 3808 doloriS,

307 3824 401 3888 credo
419 3825 465 3887 uti
484 3825 590 3909 gravis
608 3825 791 3909 adquiescat
810 3826 912 3903 ardor,

307 3925 412 3982 tecum
430 3918 539 3985 ludere
558 3917 639 3983 sicut
656 3919 726 4004 ipsa
742 3941 869 4004 possem

236 4087 239 4096 Δ
308 4019 340 4076 et
357 4011 453 4076 tristis
472 4011 568 4077 animi
585 4012 690 4078 levare
709 4012 814 4078 curaui

560 4201 729 4210 -a——n—-u
