2954 4990
544 373 770 417 reomaenses
1152 375 1206 414 LIX

114 489 299 564 deducimur,
322 493 404 550 cuius
422 493 507 552 initio
526 510 589 552 sese
606 494 639 550 in
657 491 787 552 Galliam
804 493 966 552 citeriorem
985 491 1024 550 ad
1041 499 1204 552 conventus

117 576 248 654 agendos
266 577 430 655 profectum
447 595 511 636 esse
527 578 592 656 ipse
608 584 731 638 testatur
746 576 814 636 bell.
829 576 907 636 Gall.
922 577 1026 637 V111,
1053 578 1107 636 sub
1125 577 1206 636 idem

116 664 210 738 igitur
229 668 344 739 tempus
367 661 632 741 Calvumquoque
653 663 685 721 in
707 663 835 738 gratiam
856 682 922 721 cum
945 661 1073 721 Caesare
1094 662 1205 722 redisse

46 754 50 760 '
115 749 320 824 suspicamur„
343 746 396 805 sed
416 765 484 806 eum
506 765 559 826 per
581 742 730 806 Catullum
752 766 818 806 cum
844 749 1020 825 imperatore
1042 746 1079 806 da
1103 765 1205 806 recon-

116 831 268 891 ciliatione
284 833 380 908 egisse
396 833 523 910 permira
541 837 585 890 est
601 833 770 912 coniectura
787 831 936 891 Schwabii
952 852 980 910 p.
995 832 1066 889 237.
1096 834 1204 892 etenim

115 915 222 989 Calvo,
244 918 302 973 viri
317 918 457 994 praetorii
474 916 536 975 filio
554 935 595 975 ex
611 919 733 995 antiqua
751 925 839 992 gente
855 917 973 975 Licinia
990 925 1085 996 atque·
1097 919 1205 975 oratori

116 1000 291 1073 clarissimo,
322 1001 415 1059 multo
441 1003 590 1077 graviores
615 1001 697 1059 haud
723 1001 812 1060 dubie
838 1000 1042 1079 deprecatores
1072 1000 1204 1073 aderant,

115 1105 214 1165 neque
230 1088 257 1144 is
273 1084 403 1144 habebat
420 1105 473 1144 eur
489 1086 528 1144 ad
544 1085 696 1145 hominem
707 1088 916 1144 amicissimum
930 1084 1051 1165 quidem
1068 1087 1133 1156 sibi,
1153 1085 1206 1145 sed

115 1170 327 1248 municipalem
344 1189 441 1249 neque
458 1173 490 1229 in
507 1189 539 1228 re
561 1169 683 1249 publica
697 1179 847 1230 versatum
869 1171 1049 1247 confugeret.
1085 1173 1204 1230 omnino

114 1263 216 1315 autem
233 1259 275 1314 ita
292 1257 443 1328 sentimus,
462 1253 598 1326 Calvum,
616 1254 864 1334 quemadmodum
878 1253 1029 1314 Catullum
1042 1254 1082 1312 ad
1094 1256 1205 1315 bellum

115 1347 219 1401 contra
231 1343 329 1419 ipsum
342 1338 497 1400 Caesarem
511 1339 730 1418 suscipiendum
742 1341 911 1400 incitavisse
924 1339 1049 1413 videtur,
1068 1343 1110 1398 sic
1124 1343 1205 1418 prius

114 1428 264 1503 incepisse
286 1423 323 1484 de
344 1444 417 1503 pace
439 1445 507 1484 cum
528 1424 580 1483 illo
602 1423 741 1484 facienda
763 1427 892 1501 cogitare
914 1432 943 1483 et
960 1427 1054 1483 amico
1076 1434 1109 1483 ut
1125 1424 1204 1484 idem

115 1509 274 1569 consilium
295 1509 384 1568 iniret
405 1517 553 1569 auctorem
575 1508 674 1569 fuisse.
709 1527 807 1589 neque
828 1511 907 1569 enirn
923 1509 1074 1568 Brnnerus
1095 1531 1123 1588 p.
1143 1511 1204 1568 642

115 1594 191 1653 mihi
212 1593 302 1652 fidem
324 1592 402 1667 feeit,
425 1597 477 1673 qui
499 1593 650 1654 Catullum
671 1598 838 1673 suspicatur
860 1615 878 1652 5
898 1601 983 1674 patre
1004 1597 1116 1654 iussum
1143 1613 1206 1654 esse

114 1681 287 1758 imperatori
307 1679 444 1738 Veronae
470 1681 663 1738 commoranti
689 1681 759 1738 satis
785 1679 890 1739 facere.
927 1700 998 1738 nam
1024 1680 1049 1738 si
1075 1681 1205 1739 severius

117 1765 236 1824 omnino
260 1770 344 1843 pater
365 1782 497 1824 coercere
519 1762 661 1823 voluisset
683 1764 785 1835 filium,
813 1783 880 1824 eum
903 1767 1010 1838 statim,
1037 1771 1117 1843 puto,
1139 1772 1207 1845 post

115 1849 282 1927 publicatos
300 1855 397 1907 truces
414 1849 527 1908 iambos
550 1851 689 1908 carminis
706 1850 819 1908 XXIX
836 1853 979 1908 vetuisset
999 1870 1078 1908 nova
1095 1849 1157 1908 tela
1173 1852 1207 1908 in

115 1934 274 1995 Caesarem
287 1936 411 1992 mitt-ere.
442 1932 569 1993 Calvum
581 1952 653 1992 vero
666 1934 754 1993 facile
767 1933 805 1992 ud
819 1933 999 1993 credendum
1012 1942 1056 1992 est
1069 1937 1206 1993 maximis

115 2019 211 2078 turbis
225 2027 291 2097 post
304 2017 425 2078 caedem
438 2019 474 2078 P.
489 2017 587 2078 Clodii
600 2019 713 2078 Romae
727 2021 833 2077 coortis
847 2026 876 2077 ct
887 2020 1012 2077 instanti
1025 2018 1097 2078 belli
1110 2019 1206 2078 civilis

115 2101 425 2184 periculoadductum
443 2121 506 2162 esse
522 2109 556 2162 ut
571 2101 807 2162 reconciliandae
825 2102 883 2161 sibi
899 2105 1084 2181 imperatoris
1106 2112 1206 2181 poten·

115 2191 224 2248 tissimi
249 2190 363 2265 gratiae
393 2189 580 2266 prospiceret.
619 2195 748 2248 ceterum
779 2187 936 2248 Caesarem
966 2196 1037 2246 tunc
1066 2190 1207 2266 temporis

116 2273 285 2334 Galliarum
311 2275 401 2333 etiam
430 2272 634 2350 proconsulem
664 2273 755 2332 fuisse
782 2291 819 2332 ex
848 2275 920 2351 ipsis
948 2271 1082 2331 Suetonii
1107 2273 1207 2332 verbis

115 2357 220 2435 colligi
234 2365 337 2436 potest,
357 2359 409 2437 qui
422 2376 489 2416 eum
502 2356 595 2418 Calvo
608 2357 685 2417 ultro
699 2377 735 2416 ac
747 2359 874 2436 priorem
892 2358 1080 2436 scripsisse
1097 2365 1207 2416 namet.

115 2443 230 2502 tardius
247 2449 346 2502 autem
358 2462 453 2522 ,quam
471 2445 573 2521 primis
591 2442 741 2502 mensibus
759 2445 831 2502 anni
846 2436 959 2522 702j52
975 2442 1085 2503 Calvus
1103 2451 1133 2503 st
1151 2442 1207 2504 Ca-

115 2528 207 2588 tullus
224 2529 279 2586 vix
295 2530 326 2586 in
344 2529 471 2604 grat-iam
488 2548 554 2586 cum
573 2527 698 2588 Caesare
715 2530 871 2588 revertisse
887 2536 1019 2607 possunt,
1042 2531 1068 2587 si
1085 2528 1206 2608 quidem

115 2621 273 2693 utmmque
291 2613 395 2673 eodem
412 2614 474 2673 fere
491 2623 622 2691 tempore
640 2615 672 2672 in
689 2632 752 2672 rem
764 2615 931 2690 ingressum
949 2633 1012 2674 esse
1028 2612 1205 2685 conceditur,

116 2700 253 2778 primum,
272 2700 341 2777 quia
360 2697 516 2758 Caesarem
533 2698 692 2758 Suetonius
709 2698 799 2756 tradit
815 2707 883 2778 post
903 2706 1009 2778 poetae
1024 2698 1205 2758 Veronensis

118 2782 350 2842 satisfactionem
367 2782 494 2860 hospitio
508 2786 600 2861 patris
614 2786 677 2842 eius
691 2787 735 2842 uti
748 2801 958 2862 perseverasse,
978 2802 1035 2862 quo
1048 2782 1133 2840 illum
1145 2803 1207 2841 non

117 2888 181 2928 esse
198 2888 285 2927 usum
301 2871 361 2926 nisi
374 2866 444 2926 dum
457 2866 572 2926 Gallias
589 2874 706 2944 regeret
722 2868 912 2928 manifestum
930 2874 981 2939 est,
1002 2866 1117 2940 deinde,
1137 2871 1207 2945 quia

118 2952 254 3012 Catullus
271 2955 393 3010 nonita
409 2951 501 3010 multo
519 2958 586 3030 post
603 2959 717 3030 oportet
734 2950 771 3012 de
788 2956 851 3011 vita
869 2952 1034 3010 decesserit.
1061 2958 1150 3029 atque
1167 2951 1207 3009 ad

116 3037 195 3096 hunc
212 3037 415 3115 quaestionem
431 3057 512 3095 nunc
528 3035 741 3096 transeundum
758 3043 809 3096 est.

182 3121 384 3198 Hieronymus
396 3119 436 3178 ad
449 3140 560 3180 annum
573 3120 646 3179 Abr.
658 3121 749 3193 1959,
763 3124 783 3180 i.
799 3138 823 3180 e.
839 3115 963 3196 696l58,
981 3126 1040 3192 aut,
1054 3120 1080 3177 si
1092 3119 1207 3179 codices
1235 3125 1246 3134 ‘

116 3208 146 3268 A
159 3207 185 3264 P
199 3206 226 3263 F
240 3205 381 3264 Schoenii
394 3209 549 3284 sequimur,
569 3204 607 3264 ad
623 3206 713 3278 1960,
732 3209 752 3266 i.
767 3224 791 3264 5.
807 3201 930 3281 697157,
948 3203 1022 3263 haec
1036 3203 1206 3283 adscripsit:

118 3290 268 3352 ‘Catullus
284 3290 381 3348 XXX
398 3293 503 3350 aetatis
520 3310 598 3349 anno
615 3292 728 3349 Romae
745 3289 890 3350 moritur‘.
908 3307 974 3348 eam
990 3292 1129 3369 temporis
1147 3307 1206 3367 quo

117 3384 206 3457 poeta
217 3383 340 3436 mortem
353 3375 460 3435 obierit
473 3374 676 3434 definitionem
689 3395 749 3434 non
761 3382 840 3436 recte
853 3393 885 3435 se
896 3374 1006 3434 habere
1015 3377 1093 3434 inter
1105 3395 1207 3434 omnes

117 3469 240 3534 constat,
260 3463 401 3541 quoniam
418 3468 529 3520 certum
546 3468 591 3519 est
604 3480 621 3521 e
633 3461 813 3519 carminibus
828 3459 1005 3518 Catullianis
1020 3459 1100 3520 haud
1112 3480 1208 3539 peuce

118 3550 204 3606 annis
224 3545 337 3622 ssslst
353 3552 383 3604 et
398 3546 511 3618 70054
526 3549 635 3623 scripta
653 3564 723 3604 esse
750 3552 853 3605 contra
869 3543 949 3625 quod
967 3545 1205 3623 chronographus

119 3651 186 3692 eum
204 3634 351 3690 tricesimo
369 3634 473 3690 astatis
496 3651 575 3689 anno
592 3631 705 3690 Romae
722 3649 760 3690 ex
777 3633 840 3690 vitu
858 3649 1009 3707 egressum
1026 3649 1089 3689 esse
1106 3628 1206 3702 trudit,

117 3715 150 3774 id
163 3715 240 3775 nihil
254 3723 298 3774 est
309 3735 361 3774 cur
373 3735 514 3792 negemus
526 3734 629 3774 verum
642 3733 714 3788 esse,
728 3718 899 3793 praesertim
912 3734 979 3774 cum
990 3722 1212 3794 praematuram

118 3809 222 3879 poetae
242 3801 423 3861 Veronensis
449 3808 572 3859 mortem
599 3802 689 3859 etiam
711 3797 838 3860 Ovidius
863 3819 996 3858 amorum
1017 3800 1069 3858 III
1091 3799 1108 3856 9
1129 3799 1207 3857 615.

119 3892 239 3945 testetur
265 3885 310 3944 his
337 3885 450 3944 verbis:
479 3884 597 3945 ‘obvius
626 3885 697 3944 huic
723 3882 870 3960 (Tibullo)
896 3885 1000 3946 venias
1031 3881 1076 3958 (in
1102 3883 1208 3961 Elysia

118 3967 218 4042 valle),
245 3969 358 4030 hedera
382 3969 561 4030 iuvenilia
583 3973 696 4029 cinctus
718 3970 875 4048 Tempora,
903 3989 969 4028 cum
992 3966 1094 4041 Calvo,
1122 3967 1209 4029 docte

119 4053 244 4127 Catulle,
265 4055 333 4114 tuo.'
368 4062 456 4134 atque
474 4056 659 4132 transcripsit
674 4057 732 4113 ista
744 4055 946 4132 Hieronymus
963 4052 1043 4111 haud
1062 4051 1150 4112 dubie
1168 4073 1207 4114 ex

118 4139 253 4200 Suetonii
267 4158 355 4219 opere
369 4140 448 4219 quod
461 4148 524 4200 erat
537 4139 575 4199 de
587 4140 660 4198 viris
673 4139 854 4200 inlustribus.
880 4141 980 4219 itaque
988 4138 1209 4222 Lachmannus,
