2954 4990
300 329 376 372 xxv-1
730 327 958 372 reomaense

297 449 419 509 cohorte
444 447 576 507 Memmii
601 444 672 520 luit,
702 452 735 506 ut
760 466 799 506 ex
822 445 932 508 Catulli
958 468 982 508 c.
1007 447 1040 508 X
1066 449 1104 508 31
1132 452 1236 509 meritc
1266 448 1406 528 collegit

300 534 452 613 Hauptius
465 551 563 612 opusc.
577 531 602 606 I,
616 552 645 611 p.
661 533 709 604 72,
724 533 969 613 confirmaturque
980 531 1021 607 id,
1035 541 1069 594 ut
1077 534 1226 596 Brunerus
1239 555 1267 614 p.
1281 536 1348 594 653
1364 558 1402 596 n.

201 654 203 660 ·
298 629 331 681 et
348 617 521 678 Schwabius
542 637 571 696 p.
594 618 656 675 267
679 617 963 692 animadverterunt,
984 621 1077 696 ipsius
1096 617 1211 680 Cinnae
1232 621 1403 681 versiculis

300 704 338 764 ab
357 702 473 764 Isidoro
490 705 563 779 orig.
580 701 627 762 VI
644 703 684 759 12
707 705 831 762 servatis
853 699 970 780 (fragm.
988 705 1007 762 3
1025 703 1060 762 L.
1078 702 1201 779 Maeli),
1224 705 1335 785 quibus
1360 726 1402 767 se

297 795 333 850 in
350 788 495 867 Bithynia
511 793 720 847 commoratum
741 806 805 848 esse
825 787 955 868 indeque
977 789 1127 867 exemplar
1147 789 1236 850 Arati
1257 791 1403 869 phaeno-

297 893 409 934 menon
427 872 545 931 domum
561 879 724 950 reportasse
742 873 898 950 significat.
927 872 1061 934 Catullus
1079 881 1177 934 autem
1194 875 1303 953 triplici
1324 880 1399 937 sine

296 958 392 1019 dubio
418 976 508 1017 causa
533 963 567 1015 ut
591 957 647 1016 hoc
671 960 729 1017 iter
754 961 913 1037 susciperet
938 966 1099 1018 commotus
1124 968 1176 1032 est,
1202 963 1332 1038 primum
1357 971 1400 1021 ut

299 1043 426 1104 vulnera
446 1061 486 1102 ex
510 1040 625 1102 infelici
650 1061 749 1103 amore
774 1045 873 1102 animo
894 1043 1007 1104 inflicta
1027 1043 1192 1123 longinqua
1217 1048 1397 1122 peregrina-

297 1133 382 1189 tione
406 1135 589 1207 persanaret,
615 1125 724 1188 deinde
753 1135 787 1187 ut
812 1127 979 1207 sepulcrum
1007 1127 1107 1188 fratris
1132 1129 1316 1190 dilectissimi
1343 1135 1397 1190 in-

298 1217 417 1288 viseret,
436 1212 563 1291 denique
579 1219 613 1270 ut
630 1211 743 1292 aliquid
760 1212 863 1273 lucelli
875 1216 907 1273 in
920 1213 1065 1292 Bithynia
1077 1213 1194 1275 faceret
1221 1234 1291 1274 nam
1307 1215 1396 1276 hanc

295 1319 368 1359 eum
385 1317 467 1377 spem
483 1297 622 1358 babuisse
639 1296 697 1356 duo
716 1300 848 1357 carmina
863 1307 931 1377 poet
946 1298 1074 1358 reditum
1090 1300 1123 1358 in
1139 1299 1260 1359 Italiam
1277 1303 1395 1380 scripta

295 1385 510 1456 demonstrant,
532 1384 566 1441 in
583 1381 689 1461 quibus
707 1381 744 1442 de
760 1385 931 1462 provinciae
947 1391 1120 1463 paupertate
1137 1391 1167 1444 et
1184 1383 1222 1445 de
1242 1389 1393 1463 praetoris

298 1469 441 1529 adversus
464 1467 611 1527 cohortem
634 1468 750 1526 incuria
771 1467 876 1528 acerbe
894 1470 1034 1547 queritur.
1069 1468 1129 1528 vid.
1154 1489 1178 1528 c.
1195 1468 1228 1527 X
1247 1473 1315 1530 Bes.
1337 1472 1391 1534 19.

296 1554 441 1613 XXVIII
468 1553 543 1611 des.
571 1557 700 1610 ceterum
731 1571 792 1611 non
818 1559 880 1612 tam
905 1555 1054 1630 ingratam
1080 1552 1198 1614 Catullo
1229 1555 1392 1616 stationem

184 1630 191 1657 ¹
298 1638 490 1716 Bithynicam
510 1634 603 1694 fuisse
626 1634 711 1695 credo
730 1656 819 1716 qnam
840 1657 900 1697 non
920 1637 1011 1698 nullIs
1034 1641 1106 1700 istas
1126 1639 1294 1698 iracundias
1317 1661 1391 1700 con-

293 1703 495 1782 siderantibus
517 1721 614 1780 visum
636 1728 689 1794 est,
711 1741 783 1779 narn
804 1724 942 1782 carminis
963 1723 1069 1784 XLVI
1084 1744 1113 1782 v.
1133 1724 1151 1782 9
1174 1723 1274 1784 dulces
1296 1729 1390 1784 comi-

292 1817 361 1868 tum
375 1812 474 1867 coetus
487 1813 702 1866 commemorat
728 1826 826 1886 neque
835 1806 937 1868 dubito
946 1811 1020 1888 quin
1033 1815 1112 1868 recte
1120 1808 1270 1868 Brunerue
1282 1830 1311 1889 p.
1323 1811 1388 1870 653

293 1895 463 1973 suspicatus
481 1893 520 1951 eit
541 1909 609 1950 eum
625 1893 659 1950 in
675 1891 732 1950 hoc
752 1910 870 1952 recessu
891 1894 1061 1972 provinciae
1077 1892 1178 1973 aliqua
1195 1893 1233 1953 de
1249 1898 1390 1957 carmini·

296 1979 353 2039 bus
370 1976 530 2037 maioribus
544 1975 719 2051 condidisse,
739 1997 864 2056 quorum
876 1977 1102 2057 pangendorum
1114 1981 1148 2037 in
1159 1979 1290 2038 tumultu
1302 1981 1388 2040 urbis

294 2065 410 2124 Itomae
427 2069 517 2142 atque
533 2061 639 2121 mediis
656 2063 689 2121 in
706 2062 855 2123 amoribus
872 2061 1007 2143 odiisque
1024 2065 1077 2122 vix
1094 2062 1232 2124 voluntas
1250 2073 1389 2143 suppete—
1455 2109 1456 2160 ,

295 2151 357 2210 bat.
391 2166 469 2229 qnae
487 2149 655 2206 coniectura
671 2154 754 2207 tanto
771 2148 839 2227 plus
861 2147 1078 2227 probabilitatis
1099 2147 1190 2208 habet
1206 2148 1286 2229 quod
1307 2151 1389 2210 inter

290 2254 333 2295 ea
354 2236 486 2294 carmina
502 2251 627 2312 quorum
647 2240 764 2311 tempus
787 2235 950 2293 accuratius
973 2232 1090 2294 definiri
1110 2232 1181 2294 licet
1202 2234 1318 2293 nullum
1342 2246 1387 2295 est

291 2318 377 2398 quod
394 2338 419 2376 a.
439 2315 553 2394 697157
572 2321 714 2395 scriptum
731 2319 777 2391 eit,
797 2326 826 2378 et
842 2317 979 2378 breviora
995 2318 1085 2394 longe
1101 2319 1229 2397 plurima
1245 2321 1278 2378 in
1295 2320 1388 2379 Italia

291 2404 376 2462 facta
393 2419 456 2462 esee
472 2403 556 2480 ipsae
577 2420 623 2461 res
641 2420 717 2481 quae
737 2404 771 2461 in
792 2403 835 2463 eis
857 2410 1019 2464 tractantur
1041 2403 1200 2464 declarant
1235 2406 1295 2464 iam
1316 2425 1388 2464 cum
1455 2433 1456 2453 κ

291 2487 432 2547 Catullus
462 2504 516 2564 per
541 2505 653 2544 annum
682 2489 832 2564 integrum
858 2509 877 2547 a
902 2487 1007 2548 studiis
1037 2490 1159 2568 poeticis
1189 2509 1307 2568 prorsus
1335 2491 1387 2550 ab·

292 2569 535 2632 etinuissenullo
553 2569 640 2631 modo
657 2574 756 2649 putari
772 2575 872 2650 possit,
892 2592 967 2648 eum,
986 2572 1233 2653 quemadmodum
1246 2583 1336 2634 antea
1354 2577 1387 2634 in

295 2675 412 2717 recessu
434 2657 601 2716 Veronensi
622 2675 737 2714 comam
757 2656 914 2718 Berenices
939 2677 977 2718 ex
1000 2657 1182 2719 Callimacho
1204 2667 1334 2719 verterat
1357 2668 1387 2720 et

179 2775 184 2786 ·
289 2742 422 2819 elegiam
448 2740 488 2799 ad
508 2739 625 2799 Allium
655 2751 860 2820 conposuerat,
892 2745 935 2803 sic
959 2745 993 2803 in
1014 2743 1158 2823 Bithynia
1182 2745 1316 2823 epyllion
1349 2745 1387 2805 de

294 2829 379 2888 Pelei
396 2834 427 2887 et
443 2824 580 2886 Thetidis
597 2827 717 2905 nuptiis,
740 2829 872 2886 omnium
890 2829 1053 2888 carminum
1074 2848 1193 2888 suorum
1211 2832 1383 2904 maximum,

288 2915 443 2994 pepigisse
458 2913 524 2972 veri
545 2918 590 2971 eet
607 2911 717 2986 simile;
741 2913 790 2970 cui
805 2912 894 2972 Attin
914 2912 995 2972 haud
1016 2913 1241 2992 inprobabiliter
1263 2914 1384 2988 adicias,

291 3000 464 3078 praesertim
479 2996 643 3056 cumhuius
652 2999 798 3075 poematia
812 3007 1019 3076 argumentum
1027 2998 1066 3058 ad
1078 3001 1214 3076 regiones
1224 3000 1386 3078 Bithyniae

293 3086 408 3143 vicinae
424 3085 573 3162 pertineat
589 3082 712 3162 fierique
726 3081 815 3143 facile
832 3085 961 3164 potuerit
978 3093 1011 3143 ut
1025 3083 1160 3144 Catullus
1178 3087 1385 3146 circumiacen-

290 3171 368 3228 tium
385 3169 517 3228 looorum
534 3174 641 3226 natura
658 3176 748 3247 atque
766 3171 855 3228 sacris
877 3169 917 3228 ad
934 3187 1001 3230 eam
1022 3171 1177 3230 materiam
1198 3169 1386 3229 tractandam

294 3252 493 3330 inpelleretur.
525 3270 623 3330 neque
639 3252 710 3313 huic
728 3254 913 3314 coniecturae
929 3253 1027 3314 obstat
1044 3253 1123 3333 quod
1140 3261 1236 3333 poeta,
1253 3260 1286 3312 ut
1302 3253 1386 3314 infra
1454 3303 1455 3308 ,

294 3335 470 3409 videbimus,
487 3338 520 3395 in
533 3334 647 3410 Attius,
662 3355 756 3416 aeque
770 3345 859 3418 atque
871 3341 904 3399 in
918 3338 1028 3419 epyllio
1043 3359 1105 3414 suo,
1120 3337 1234 3398 Graeca
1247 3340 1386 3418 exempla

289 3425 426 3480 'imitatus
448 3428 500 3480 est
535 3439 574 3480 ne
596 3427 696 3481 autem
721 3420 780 3481 duo
802 3425 861 3484 ista
883 3426 1015 3484 carmina
1036 3425 1078 3484 eis
1100 3425 1280 3502 temporibus
1302 3426 1386 3484 attri-

290 3506 419 3566 buamus
445 3524 522 3584 quae
545 3503 656 3564 Catulli
681 3525 749 3566 cum
772 3505 878 3568 Clodia
898 3508 1011 3570 foederi
1037 3508 1217 3569 antecedunt
1241 3509 1384 3588 perfectio

294 3611 395 3654 eorum
414 3590 537 3669 iupedit.

356 3677 434 3738 Vere
452 3677 524 3735 anni
535 3677 716 3756 Insequentis
727 3675 878 3737 Catullum
890 3677 1064 3757 Bithyniam
1076 3677 1232 3758 reliquisse
1245 3700 1270 3739 c.
1278 3679 1386 3740 XLVI

291 3763 385 3823 docet
412 3781 430 3821 e
447 3764 529 3822 cuius
546 3761 699 3821 versiculis
716 3763 855 3823 extremis
872 3781 940 3824 eum
957 3783 1018 3823 non
1035 3759 1117 3843 prius
1135 3783 1223 3844 quam
1239 3763 1386 3844 reliquam

286 3850 442 3908 cohortem
471 3853 502 3907 et
529 3849 627 3926 ipsum
658 3857 876 3927 propraetorem
902 3847 972 3909 inde
1003 3848 1163 3910 decessisse
1191 3849 1385 3927 intellegitur.

291 3935 466 3993 Memmium
487 3939 587 3992 autem
610 3952 672 3991 non
697 3952 776 3992 anno
801 3933 920 4010 longius
942 3933 1117 4013 Bithyniam
1138 3939 1250 3995 rexisse
1273 3942 1385 3996 certum

289 4026 344 4091 eet,
362 4019 472 4098 quippe
488 4020 538 4077 cui
554 4037 580 4078 a.
596 4011 710 4095 698l56
728 4016 761 4077 C.
777 4016 924 4079 Caecilius
939 4017 1087 4080 Cornutus
1104 4021 1137 4079 in
1150 4019 1384 4080 administranda

275 4121 328 4162 ea
344 4104 501 4182 provincia
519 4103 702 4178 successerit,
719 4109 754 4164 ut
766 4103 945 4181 Borgheeius
963 4121 1001 4166 ex
1013 4125 1133 4166 nummo
1146 4104 1274 4185 quodam
1286 4103 1386 4166 Amisi
1453 4127 1454 4136 ³
