2968 4990
101 2110 129 2172 l>

551 384 669 443 LIBER

475 573 753 642 XVIII-XXI.
850 571 851 574 ’

230 693 354 771 Aureli,
373 704 462 780 pater
481 693 716 771 essuritionum,

232 809 297 852 non
314 787 427 852 harum
445 789 550 865 modo,
573 788 630 854 sed
647 797 724 871 quot
741 797 798 853 aut
814 789 945 854 fuerunt

231 890 287 945 aut
304 892 379 945 sunt
396 892 452 945 aut
469 881 538 946 aliis
556 891 649 947 eruut
665 881 699 945 in
717 882 819 960 annis,

230 974 378 1059 pedicare
396 975 485 1059 cupis
503 995 590 1039 meo·
609 997 742 1040 amores.

232 1090 292 1132 nec
309 1067 406 1133 olam:
429 1091 504 1132 nam
523 1068 615 1132 simul
633 1091 678 1145 es,
696 1068 809 1134 iocaris
827 1092 902 1148 una,

229 1160 341 1226 haeres
359 1161 400 1226 ad
417 1161 510 1239 latus,
529 1163 635 1227 omnia
652 1161 814 1247 experiris.

229 1254 360 1319 frustra:
385 1278 459 1319 nam
477 1255 607 1320 insidias
626 1255 705 1320 mihi
722 1256 931 1323 instruentem

229 1357 359 1432 tangam
379 1360 410 1414 tc
428 1348 514 1434 prior
531 1348 752 1414 inrumatione.
802 1340 806 1348 ’

230 1451 326 1525 atque
345 1441 379 1504 id
395 1441 422 1506 si
433 1442 562 1530 ¹faceres
580 1453 678 1519 satur,
696 1453 849 1509 tacerem:

229 1557 315 1600 nunc
333 1535 439 1620 ipsum
456 1535 489 1599 id
507 1536 610 1613 dole0,
628 1536 715 1619 quod
733 1537 868 1602 essurire

230 1638 297 1693 ate
315 1628 359 1692 mi
376 1651 457 1714 puer
474 1639 505 1694 et
523 1629 609 1694 sitire
627 1630 737 1695 discet.

229 1743 328 1806 quare
346 1722 467 1799 desine,
485 1723 561 1788 dum
579 1723 654 1789 licet
671 1724 797 1810 pudico,

229 1837 270 1880 ne
287 1815 384 1880 finem
400 1815 512 1893 facias,
531 1817 589 1882 sed
606 1817 793 1882 int-umatus.

554 2069 675 2136 XXII.

144 2186 299 2255 Suffenus
318 2188 388 2266 iste,
407 2189 504 2265 Vare,
522 2210 619 2272 quem
635 2189 737 2276 probe
755 2190 848 2268 nosti,

143 2282 240 2347 homo
259 2291 307 2348 est
325 2292 479 2347 venustus
497 2292 529 2347 et
546 2282 640 2347 dicax
657 2294 690 2348 et
706 2282 858 2360 urbanus,

141 2376 293 2459 idemque
310 2374 406 2462 louge
424 2375 578 2466 plurimo·
596 2375 673 2442 facit
693 2398 815 2442 versus.

142 2479 222 2556 puto
240 2492 309 2535 esse
327 2491 388 2554 ego
405 2468 451 2534 illi
469 2469 556 2535 milia
573 2480 629 2535 aut
646 2470 756 2536 decem
775 2481 831 2535 aut
847 2471 941 2557 plura

143 2563 329 2650 perscripta,
346 2585 407 2629 nec
425 2563 470 2629 sic
487 2574 524 2628 ut
540 2565 577 2629 fit
593 2564 627 2629 in
644 2565 865 2651 palimpsestos

143 2658 257 2723 relata:
280 2656 409 2723 chartae
425 2659 543 2743 regiae,
560 2659 636 2723 novi
653 2659 736 2735 libri,

140 2751 219 2817 novi
235 2751 388 2827 umbilici,
407 2752 475 2816 lora
491 2752 597 2828 rubra,
616 2754 830 2830 membranae,

141 2846 271 2911 derecta
288 2845 419 2930 plumbo
437 2855 469 2911 et
486 2845 613 2931 pumice
630 2846 737 2910 omnia
756 2855 902 2930 aequata.

143 2939 223 3005 haec
241 2961 315 3004 cum
331 2939 420 3024 legas
439 2949 485 3016 tu,
503 2939 604 3004 bellus
622 2939 676 3006 ille
694 2949 727 3006 et
743 2941 884 3004 urbanus

145 3032 298 3098 Suffenus
316 3054 399 3096 unus
418 3032 633 3117 caprimulgus
651 3043 707 3097 aut
724 3033 827 3100 fossor

141 3141 253 3192 rursus
271 3126 412 3191 videtur:
435 3135 557 3190 tantum
575 3125 725 3191 abhorret
741 3149 780 3192 ac
797 3135 908 3192 mutat.

143 3220 205 3286 hoc
222 3219 299 3304 quid
317 3230 465 3306 putemus
484 3219 572 3286 esse?
594 3219 649 3303 qui
666 3219 761 3285 modo
779 3242 889 3287 scurra

142 3324 201 3379 aut
217 3313 322 3396 siquid
340 3314 400 3378 hac
416 3336 451 3378 re
469 3313 582 3378 tersius
599 3313 777 3390 videbatur,

142 3408 229 3474 idem
246 3406 383 3472 infaceto
401 3418 450 3472 est
466 3406 632 3472 infacetior
647 3429 731 3482 rure,

86 3574 88 3579 ,
143 3502 238 3568 simul
255 3511 403 3588 poemata
421 3501 534 3586 attigit,
552 3522 656 3584 neque
673 3500 758 3566 idem
776 3523 928 3586 umquam

144 3618 247 3680 aeque
265 3606 313 3661 est
330 3596 444 3660 beatus
461 3617 499 3660 ac
516 3616 631 3679 poema
648 3617 722 3662 cum
739 3595 860 3660 scribit:

143 3701 208 3756 tam
227 3688 347 3775 gaudet
364 3688 397 3753 in
416 3711 450 3753 se
467 3698 597 3770 tamque
615 3711 649 3753 se
666 3688 735 3774 ipso
752 3688 893 3755 miratur.

142 3784 293 3849 nimirum
309 3782 395 3847 idem
411 3805 520 3848 omnes
538 3782 687 3859 fallimur,
704 3805 808 3866 neque
826 3783 1069 3868 usquequam,

142 3900 240 3962 quem
256 3899 322 3942 non
338 3877 372 3941 in
390 3877 548 3960 aliquare
566 3876 673 3943 videre
692 3876 861 3943 Suffenum

144 3972 256 4058 possis.
299 3993 376 4037 suus
394 3971 508 4056 cuique
527 3971 695 4035 attributus
713 3982 763 4036 est
779 3993 880 4038 error:

142 4066 281 4131 sednon
300 4065 444 4130 videmus
461 4065 618 4130 manticae
635 4065 721 4149 quod
738 4065 772 4130 in
789 4074 919 4149 tergost.
