3002 4996
328 377 372 442 70
457 424 459 428 -
755 386 924 446 CATULLI

821 577 861 646 C.

330 698 459 766 Caelius
477 699 663 764 Aufilenum
682 707 714 764 et
730 697 882 779 Quintius
899 697 1084 766 Aufilenam

373 795 430 859 flos
447 794 668 860 Veronensum
687 793 860 879 depereunt
877 793 1038 869 iuvenum,

331 887 382 952 hie
400 889 540 964 fratrem,
558 888 611 952 ille
628 908 778 952 sororem.
822 887 881 952 hoo
900 897 958 964 est,
975 888 1062 971 quod
1079 888 1203 966 dieitur,
1220 889 1302 954 illud

373 982 547 1046 fraternum
564 1003 638 1046 vere
655 980 748 1046 dulce
770 979 959 1046 sodalitium.

297 1087 315 1142 5
332 1076 383 1140 oui
401 1076 527 1140 faveam
543 1075 668 1160 potius?
690 1074 790 1151 Caeli,
807 1074 881 1138 tibi:
892 1097 973 1139 rnarn
991 1084 1046 1138 tua
1063 1074 1154 1141 nobie

372 1191 430 1254 per
445 1170 531 1234 faeta
548 1168 688 1233 exhibita
706 1169 865 1234 est'uniea
883 1168 1031 1243 amicitia,

332 1286 404 1329 oum
422 1285 539 1327 vesana
556 1285 642 1327 meas
660 1273 793 1327 torreret
809 1263 936 1327 flamma
955 1261 1120 1327 medullas.

374 1357 417 1422 eis
434 1357 520 1435 felix,
539 1355 640 1452 Caeli,
659 1357 702 1421 sis
719 1357 752 1422 in
770 1377 876 1421 amore
894 1367 1017 1442 potens.

755 1579 928 1598 Μ

809 1773 868 1840 01.

373 1892 495 1959 Multae
512 1915 570 1978 per
586 1903 698 1979 gentes
715 1903 748 1960 et
766 1895 867 1960 multa
883 1915 941 1978 per
957 1914 1096 1977 aequore
1112 1901 1223 1958 reatus

417 1988 551 2054 advenio
569 1988 627 2053 has
644 1988 784 2064 miserae,
803 1988 910 2064 frater,
928 1988 972 2052 ad'
986 1987 1126 2064 inferiae,

374 2092 410 2147 ut
427 2093 458 2147 te
476 2092 634 2168 postremo
652 2083 803 2146 donarem
821 2103 952 2146 munere
969 2080 1079 2146 mortis

416 2185 449 2240 et
465 2187 586 2239 mutam
604 2176 797 2259 nequiquam
815 2175 1003 2257 adloquerer
1020 2175 1168 2251 cinerem,

374 2269 632 2353 quandoquidem
650 2270 777 2333 tortura
794 2268 873 2333 mihi
890 2279 921 2333 te
939 2280 971 2334 te
989 2269 1121 2332 abstulit
1136 2269 1252 2353 ipsum,

417 2362 480 2428 heu
497 2363 593 2428 miser
610 2364 739 2448 indigne
757 2363 855 2428 frater
872 2363 1019 2449 adempte
1036 2362 1123 2427 mihi.

376 2479 461 2522 nuno
474 2467 580 2522 tamen
591 2457 715 2522 interea
726 2456 815 2534 haee,
833 2457 937 2543 priseo
949 2477 1133 2540 quae‘more
1150 2465 1323 2542 parentum

418 2550 534 2614 tradita
551 2561 625 2614 sunt
642 2550 738 2614 tristis
754 2573 887 2616 munera
904 2551 944 2615 ad
961 2551 1100 2627 inferiae,

377 2644 642 2730 eooipefraterno
659 2645 796 2714 multum
812 2645 972 2710 manantia
990 2645 1077 2722 fletu,

420 2747 516 2822 atque
532 2738 565 2804 in
582 2747 782 2824 perpetuum,
799 2739 905 2816 frater,
924 2761 983 2804 ave
1001 2749 1095 2823 atque
1113 2737 1196 2804 vele.

807 3144 882 3211 ΟΠ.

378 3264 415 3331 Si
433 3264 602 3348 quiequam
620 3265 715 3330 tacito
733 3265 936 3330 commissum
954 3275 1002 3330 est
1018 3264 1081 3329 fido
1099 3264 1140 3329 ab
1158 3264 1274 3343 amieo,

307 3371 309 3375 ’
420 3359 510 3423 ouius
528 3360 568 3422 eit
585 3359 710 3443 penitus
727 3371 802 3444 uota
819 3360 897 3423 fides
916 3359 1022 3435 animi,

379 3473 493 3534 meque
512 3465 580 3516 esse
598 3452 740 3517 invenies
756 3453 881 3517 illorum
899 3453 967 3517 iure
986 3453 1153 3525 sacratum,

423 3543 561 3622 Corneli,
580 3555 612 3610 et
628 3545 747 3610 factum
765 3569 816 3611 me
835 3569 903 3610 esse
920 3555 998 3632 puta
1014 3547 1256 3631 Harpocratem.
1275 3631 1276 3634 Ἴ

755 3759 924 3770 —

798 3952 890 4018 CIII.

302 4075 304 4080 ’
379 4073 448 4137 Aut
467 4071 558 4137 sodes
576 4071 653 4135 mihi
671 4070 768 4136 redde
786 4073 895 4137 decem
914 4071 1067 4146 sestertia,
1088 4068 1166 4145 Silo,

423 4166 537 4231 deinde
555 4176 622 4231 esto
641 4166 786 4249 quamvis
805 4187 917 4230 saevus
936 4175 968 4229 et
984 4164 1168 4228 indomitus:
