2954 4990
274 357 348 401 mv
705 353 933 398 PBOLECCIOEM

275 483 364 556 poeta
379 478 413 534 in
430 473 526 551 elegia
540 471 626 534 Allio
645 472 751 544 dicata,
770 492 859 552 quam
875 469 1032 531 concordia
1046 474 1125 534 inter
1141 481 1274 534 amantes
1290 494 1381 536 nou·

276 561 347 621 dum
364 563 484 636 gravius
501 577 643 619 concussa
656 557 769 620 factam
785 561 892 618 scimus
909 552 998 632 (conf.
1015 577 1045 616 v.
1065 557 1124 616 135
1138 577 1176 618 ss.
1193 567 1224 619 et
1242 560 1303 618 159
1317 557 1377 636 a),

275 654 375 706 tamen
394 644 431 704 de
447 647 543 704 initiis
560 643 687 704 foederis
704 651 854 722 tamquam
875 641 912 701 de
933 649 1063 721 tempore
1085 642 1186 720 paullo
1206 648 1377 704 remotiora

275 732 406 811 loquitur
424 725 513 805 (conf.
530 733 564 788 in
580 730 683 808 primis
698 749 728 787 v.
749 730 809 786 131
828 734 859 787 et
876 726 946 799 158,
965 729 991 786 si
1008 725 1129 805 quidem
1144 737 1224 790 recte
1240 749 1296 806 ego
1315 729 1376 790 hic

276 836 394 896 quoque
410 825 467 873 tum
482 813 620 874 voculam
635 811 768 889 inserui).
796 818 832 871 ut
848 819 946 872 autom
963 809 1181 873 adulescentem
1197 813 1289 875 fuisse
1306 813 1373 874 Ce-

275 901 390 974 tullum,
412 920 480 959 cnm
494 897 636 958 Lesbiam
652 897 778 974 diligere
798 900 951 976 inciperet,
968 898 1029 956 iam
1045 897 1231 959 vehementia
1250 898 1374 959 ardoris
1462 911 1463 914 ’

277 990 341 1046 6166
362 985 468 1064 probat
491 983 580 1057 (conf.
598 982 730 1043 eiusdem
750 981 864 1060 elegiae
885 1001 913 1040 v.
930 978 1080 1057 53—5e)‚
1105 986 1150 1042 ita
1171 986 1302 1044 carmina
1325 983 1371 1044 ad
1462 995 1463 1004 ¹

275 1071 360 1130 illam
382 1073 553 1149 spectantia,
577 1075 700 1146 excepto
721 1067 847 1127 fortasse
869 1069 999 1126 omnium
1018 1070 1113 1145 primo
1135 1067 1290 1149 eSappho
1314 1088 1369 1129 ex·

275 1174 385 1235 presso,
398 1162 512 1214 tantam
523 1153 652 1232 produnt
661 1156 862 1214 maturitatem
873 1159 908 1212 ut
919 1171 980 1211 non
993 1155 1108 1230 possint
1119 1156 1180 1212 nisi
1191 1154 1230 1214 ab
1244 1154 1371 1214 homine
1462 1195 1463 1198 η

275 1243 449 1300 vicesimum
467 1259 578 1299 annum
599 1256 717 1315 egresso
740 1237 860 1298 condite
881 1255 954 1296 csse.
988 1255 1086 1315 neque
1106 1238 1239 1316 profecto
1263 1238 1369 1300 adule
1462 1239 1463 1284 1

275 1325 425 1386 scentulus
441 1324 574 1384 nondum
590 1326 758 1384 vicenarius
771 1342 825 1384 ver
842 1324 945 1382 aetatis
963 1340 1035 1382 suae
1051 1324 1112 1380 iam
1128 1331 1281 1401 peractum
1296 1343 1369 1385 esse
1462 1313 1463 1392 }

274 1412 445 1488 significare
462 1411 608 1488 potuisset
625 1429 650 1470 c,
660 1407 802 1468 LXVIII
821 1408 868 1464 16.
900 1425 1060 1486 quaecum
1077 1407 1120 1466 ita
1137 1410 1205 1481 sint,
1221 1407 1368 1469 Lesbiam

273 1517 303 1554 6.
327 1489 440 1574 693161
464 1515 483 1552 6
506 1493 623 1552 Catullo
648 1496 743 1552 amari
769 1499 903 1570 coeptam
930 1510 993 1552 esse
1017 1492 1210 1570 probabiliter
1235 1501 1369 1554 statuere
1462 1489 1463 1552 1

276 1580 420 1639 videmur.
451 1599 518 1637 cum
531 1577 588 1636 hac
600 1579 739 1657 temporis
752 1575 924 1636 definitione
938 1575 976 1636 ab
988 1577 1061 1655 ipsis
1075 1579 1254 1639 carminibus
1270 1581 1369 1658 petita
1462 1583 1463 1638 1

277 1666 387 1743 optime
408 1670 576 1738 congruunt
597 1680 674 1741 quae
699 1661 737 1722 66
757 1663 821 1720 vita
843 1659 966 1722 Clodiae
987 1661 1215 1739 quadranter-iae
1241 1665 1370 1743 eiusque
1462 1703 1463 1722 2

275 1751 376 1808 mariti
405 1747 515 1807 tradita
549 1748 728 1826 accepimus,
758 1754 793 1806 ut
824 1746 895 1806 hinc
924 1766 1042 1826 quoque
1074 1749 1244 1808 universam
1270 1768 1368 1828 quam
1462 1785 1463 1818 1

277 1833 462 1894 defendimus
493 1835 669 1892 sententiam
699 1852 760 1891 666
790 1830 976 1892 mediocriter
1006 1833 1182 1911 conprobari
1212 1832 1367 1912 adpareat.
1462 1841 1463 1890 1

275 1918 417 1978 Lesbiam
437 1925 562 1995 nuptam
579 1917 678 1990 fuisse,
701 1937 768 1977 cum
786 1916 920 1976 Catullus
942 1936 1041 1977 amore
1063 1921 1127 1976 6166
1148 1917 1368 1994 incenderetur,

215 2039 223 2050 ·
276 2023 366 2083 supra
396 2002 585 2063 ostendimus.
630 2001 736 2063 Clodia
767 2022 825 2082 quo
855 2009 987 2080 tempore
1017 1999 1054 2074 Q.
1079 2002 1201 2063 Metello
1230 2007 1369 2082 nupserit

274 2091 430 2162 nescimus,
455 2086 588 2148 sedeam
607 2108 633 2148 a.
654 2083 767 2164 692162
790 2087 878 2146 huius
897 2105 1021 2147 uxorem
1042 2085 1135 2147 fuisse
1156 2107 1195 2148 ex
1213 2087 1367 2150 Ciceronis

276 2178 361 2254 epist
381 2174 420 2234 ad
437 2174 507 2233 fam.
525 2173 554 2234 V
573 2175 591 2231 2
611 2175 629 2232 6
647 2172 838 2250 intellegitur.
872 2190 908 2231 eo
926 2178 1024 2232 autem
1040 2191 1120 2232 anno
1136 2171 1275 2232 Metellus
1292 2173 1367 2234 Gal·

270 2259 335 2320 ,1166
361 2260 523 2338 cisalpinae
548 2260 719 2337 provinciae
747 2264 891 2336 praeerat.
929 2256 1011 2316 unde
1036 2256 1124 2316 simul
1149 2258 1278 2318 efficitur
1302 2279 1366 2319 non

275 2363 362 2424 posse
380 2346 412 2403 in
429 2345 509 2402 hunc
525 2362 637 2402 annum
654 2344 741 2402 initia
757 2343 865 2401 amoris
883 2339 1047 2401 Catulliani
1067 2341 1180 2416 cadere,
1203 2345 1281 2422 quia,
1304 2364 1367 2424 quo

274 2437 407 2507 tempore
433 2427 652 2487 inconsiderata
682 2426 813 2487 ardentis
837 2433 943 2505 poetae
973 2426 1098 2487 audacia
1123 2426 1248 2488 Clodiae
1272 2429 1367 2489 bilem
1462 2429 1463 2432 ’

274 2513 422 2586 movebat,
444 2513 583 2571 maritum
600 2515 662 2572 eius
679 2513 792 2571 Romae
809 2511 939 2572 adfuisse
961 2531 1000 2571 ex
1016 2532 1040 2571 6.
1056 2511 1233 2572 LXXXIII
1252 2517 1366 2594 perspi·

275 2617 366 2659 cuum
387 2605 440 2669 est,
466 2604 500 2656 nt
522 2599 610 2656 etiam
630 2598 686 2656 hoc
708 2604 881 2674 argumento
903 2596 943 2656 ad
964 2599 1168 2677 insequentem
1188 2601 1286 2677 potius
1312 2619 1366 2659 66·

277 2705 349 2742 666
371 2681 557 2741 deducamur.
593 2681 672 2761 quod
698 2691 797 2740 autem
821 2690 938 2761 poetam
958 2701 1013 2760 per
1032 2682 1068 2741 P.
1084 2681 1229 2742 Alfenum
1249 2684 1365 2744 Varum

277 2768 506 2829 Cremonensem
523 2766 562 2825 ad
576 2765 712 2826 Clodiam
729 2768 850 2847 eiusque
866 2769 963 2826 virum
978 2767 1177 2827 introductum
1194 2786 1258 2828 esse
1275 2789 1365 2849 supra

270 2854 417 2933 suspicati
433 2873 541 2926 sumus,
559 2853 622 2911 eius
640 2854 825 2912 coniecturae
837 2872 917 2912 nuuc
929 2859 1054 2929 augetur
1065 2852 1267 2932 probabilitas.
1294 2874 1364 2914 cou—

277 2947 450 3000 sentaneum
484 2948 528 2998 est
562 2939 641 2997 enim
673 2937 806 2998 homines
837 2936 1068 3016 Transpadanos
1101 2937 1182 2998 haud
1210 2936 1364 2999 difficilem

276 3024 416 3085 habuisse
434 3022 547 3082 aditum
563 3025 595 3082 in
609 3023 727 3082 domum
743 3025 806 3082 eius
815 3025 867 3102 qui
883 3022 970 3082 modo
984 3021 1102 3082 Calliae
1118 3023 1280 3103 cisalpinae
1296 3044 1363 3103 pro-

277 3109 380 3169 consul
405 3108 522 3182 fuisset,
552 3116 707 3188 potestque
729 3108 795 3168 fieri
818 3116 853 3168 ut
872 3107 1011 3168 Metellus
1031 3108 1177 3181 Veronae,
1201 3115 1236 3169 ut
1260 3116 1364 3187 postea

278 3191 312 3258 C·
328 3194 422 3253 Iulius
441 3193 558 3266 Caesar,
576 3195 669 3273 patris
687 3193 798 3254 Catulli
814 3193 941 3271 hospitio
957 3212 1028 3252 usus
1045 3195 1091 3252 sit
1124 3201 1192 3252 sunt
1209 3193 1268 3254 alia
1282 3213 1364 3272 quae

276 3297 338 3337 non
354 3279 452 3337 61666
470 3277 622 3357 quadrent.
649 3300 672 3338 c.
690 3278 838 3352 LXVIII,
861 3277 941 3357 quod
958 3299 1024 3338 cum
1039 3281 1073 3337 in
1090 3277 1163 3338 urbe
1179 3279 1275 3358 patria
1290 3282 1363 3338 scri-
1462 3327 1463 3330 ,

275 3362 360 3422 beret
381 3369 476 3440 poete,
502 3363 641 3422 Lesbiam
661 3383 723 3422 666
743 3382 775 3423 66
796 3383 856 3422 666
877 3370 1045 3422 contentam
1066 3381 1130 3422 esse
1146 3366 1207 3423 iam
1228 3371 1360 3438 noverat,

276 3446 438 3506 secundum
455 3465 490 3506 ea
506 3466 582 3526 quae
598 3448 700 3526 paullo
716 3454 786 3508 anto
804 3447 932 3507 diximus
950 3447 1081 3507 dubitari
1097 3467 1158 3507 non
1174 3456 1271 3528 potest
1285 3452 1361 3528 quin

276 3552 355 3592 6666
379 3525 495 3610 694160
517 3539 646 3592 extremo
668 3539 719 3592 aut
739 3534 922 3612 insequentis
944 3531 1068 3592 dimidio
1089 3536 1182 3612 priori
1203 3533 1360 3611 adsignan-

273 3617 347 3677 dum
364 3620 410 3676 sit.
445 3618 506 3675 iam
521 3617 578 3676 hoc
594 3625 727 3697 tempore
742 3636 866 3678 uxorem
882 3617 996 3678 Metelli
1019 3621 1089 3676 satis
1106 3617 1185 3678 male
1201 3617 1359 3692 audivisse,
1462 3675 1463 3696 ,

275 3706 365 3764 etiam
382 3705 408 3762 61
425 3701 557 3761 nondum
572 3702 641 3762 talis
659 3711 735 3764 esset
751 3702 848 3783 qualis
865 3705 898 3762 in
915 3706 1048 3763 oratione
1063 3701 1206 3762 Caeliana
1223 3703 1360 3764 describi-

273 3796 330 3862 tur,
350 3789 424 3848 ι666
441 3787 607 3847 consulare’
625 3787 777 3848 Ciceronis
800 3788 837 3848 de
858 3807 894 3850 ea
912 3788 1021 3848 dictum
1043 3788 1081 3846 ab
1102 3791 1167 3866 ipso
1189 3792 1224 3847 in
1245 3788 1358 3868 epistul.

273 3873 314 3932 66
325 3871 459 3934 Atticum
472 3874 537 3933 111
554 3874 573 3932 5
590 3882 742 3934 narratum
759 3873 895 3934 ostendit.
921 3877 1024 3953 primis
1040 3880 1108 3952 post
1118 3879 1224 3952 poetae
1236 3875 1359 3934 Romam

268 3957 401 4018 reditum
417 3958 605 4038 temporibus,
628 3959 657 4018 h.
676 3978 710 4033 6.,
728 3966 762 4018 nt
779 3980 859 4019 nunc
873 3959 1058 4020 confidenter
1073 3962 1266 4037 pronuntiare
1282 3958 1358 4032 licet,

270 4062 352 4102 enno
375 4040 497 4120 695159,
521 4065 544 4105 c.
566 4043 658 4104 LXX
679 4063 767 4122 supra
788 4044 980 4105 attribuimus·
1014 4046 1048 4103 in
1070 4063 1128 4122 quo
1150 4043 1231 4122 quod
1251 4043 1359 4104 Lesbia

268 4125 447 4189 adseverare
469 4129 575 4190 dicitur
596 4129 671 4190 nulli
693 4149 725 4190 se
744 4129 857 4190 nubere
877 4127 968 4189 malle
988 4149 1076 4209 quam
1100 4127 1227 4204 Catullo,
1251 4133 1307 4190 etsi
1326 4127 1358 4188 id
