2968 4990
562 394 679 449 LIBER

214 513 347 594 Hibera,
366 540 462 600 quam
479 517 539 583 seit
556 517 657 582 amnis
676 516 796 592 aurifer
810 517 930 603 Tagus.

214 623 247 679 et
265 612 379 677 huicne
399 611 504 678 Gallia
524 623 556 677 et
572 612 662 676 metit
683 611 867 676 Britannia?
1148 624 1185 678 20

215 705 293 789 quid
310 704 395 771 huno
413 706 533 770 malum
551 705 684 770 fovetis?
706 716 760 769 aut
778 705 856 789 quid
872 704 928 770 hia
942 713 1046 789 potest

213 799 276 863 nisi
294 809 390 863 uncta
408 798 559 864 devorare
576 798 783 884 patrimonia?

215 913 295 958 eone
313 892 451 968 nomine,
470 893 557 957 urbis
577 915 596 956 o
614 892 781 976 putissimi,

214 1006 305 1051 sooer
322 1007 494 1072 generque,
511 985 692 1072 perdidistis
710 984 834 1050 omnia?
912 979 915 988 ’

534 1173 706 1186 *-

555 1332 707 1398 XXX.

106 1451 225 1519 Alfene
244 1453 399 1519 inmemor
417 1462 513 1535 atque
531 1452 688 1516 unanimis
706 1451 786 1518 false
805 1451 976 1528 sodalibus,

106 1547 171 1610 iam
189 1557 220 1611 te
237 1547 283 1611 nil
301 1546 439 1623 miseret,
457 1546 546 1622 dure,
565 1546 611 1609 tui
629 1545 730 1610 duleis
748 1545 895 1610 amiculi?
927 1583 928 1586 =
963 1569 966 1576 ’

38 1737 43 1744 ’
106 1733 171 1796 iam
188 1755 239 1798 me
257 1732 403 1818 prodere,
417 1732 482 1797 iam
497 1754 562 1797 non
579 1732 707 1797 dubitas
724 1732 844 1809 fallere,
863 1731 1001 1818 perfide?

106 1849 167 1891 neo
184 1826 269 1891 faeta
285 1826 372 1912 inpia
389 1826 540 1892 fallacum
557 1825 721 1891 hominum
740 1827 896 1892 oaelioolis
914 1828 1050 1913 placent.

106 2013 193 2097 quod
211 2023 247 2078 tu
263 2012 423 2097 neglegis,
436 2034 475 2077 ao
491 2034 543 2076 me
561 2013 711 2077 miserum
729 2013 847 2078 deseris
865 2013 898 2077 in
910 2013 1017 2094 malis.
1145 2028 1166 2083 5

106 2106 189 2173 eheu
206 2107 284 2191 quid
301 2106 431 2181 faoiant,
448 2106 509 2183 dio,
527 2104 682 2182 homines,
700 2106 791 2172 ouive
809 2105 948 2172 habeant
964 2106 1080 2171 fidem?

106 2305 191 2360 certe
210 2303 277 2358 tute
295 2291 428 2362 iubebas
446 2292 584 2356 animam
602 2292 871 2378 tradere-inique,
888 2277 955 2359 me·

105 2384 260 2453 inducens
276 2386 311 2451 in
328 2408 477 2463 amorem,
495 2385 586 2469 quasi
603 2396 672 2450 tuta
689 2387 796 2451 omnia
812 2388 856 2451 mi
872 2387 987 2454 forent.

105 2576 191 2640 idem
208 2596 293 2640 nuno
310 2573 443 2640 retrahis
461 2583 492 2638 te
510 2595 548 2639 ao
566 2583 620 2638 tua
638 2574 723 2639 diota
740 2573 847 2639 omnia
863 2574 1012 2658 factaque

106 2680 217 2735 ventos
234 2669 327 2732 inrita
344 2669 426 2734 ferre
443 2688 481 2732 ao
498 2667 630 2731 nebulas
648 2669 749 2734 aerias
768 2668 854 2733 sinis.
1145 2684 1181 2738 10

105 2857 133 2922 si
150 2866 186 2921 tu
203 2855 321 2921 oblitus
339 2875 383 2928 es,
401 2820 434 2916 ‘at
452 2853 484 2918 di
501 2853 722 2929 meminerunt,
739 2855 882 2919 meminit
898 2854 1006 2931 Fides,

106 2972 189 3035 quae
206 2960 239 3015 te
255 2958 292 3013 ut
309 2946 468 3034 paeniteat
484 2947 651 3032 postmodo
669 2947 746 3012 facti
762 2947 859 3012 faciet
876 2948 938 3011 tui..

546 3293 684 3360 XXXI.

160 3389 174 3426 l
191 3416 300 3482 Paene
317 3380 502 3490 insularum,
523 3413 651 3491 Sirmio,
666 3414 904 3498 insularumque
964 3472 967 3479 .

191 3511 301 3587 ocelle,
320 3529 536 3593 quascumque
553 3508 586 3571 in
603 3509 797 3593 liquentibus
816 3511 935 3596 stagnis

190 3603 336 3687 marique
354 3613 444 3666 vasto
462 3601 576 3666 fertut
540 3611 673 3684 uterque
691 3602 870 3687 Neptunus,

175 3715 304 3810 [quam
306 3708 337 3762 te
355 3696 489 3760 libenter
506 3717 669 3786 quamque
682 3696 809 3762 laetus
800 3699 912 3776 mviso,

175 3792 245 3856 vix
263 3790 306 3854 mi
323 3790 391 3874 ipse
409 3790 541 3854 eredens
559 3789 719 3899 Thyniam
736 3801 832 3875 atque
850 3792 1008 3876 Bithynos
1142 3809 1162 3864 5

190 3883 321 3968 liquisse
340 3905 468 3993 campos
487 3892 519 3948 et
536 3883 643 3948 videre
661 3894 692 3948 te
710 3884 743 3948 in
761 3895 810 3950 tut
797 3884 844 3949 tol

191 4001 210 4042 o
228 3977 306 4062 quid
324 3977 416 4042 solut
394 3987 434 4042 trs
452 3987 500 4042 est
517 3976 641 4043 beatius
660 3978 753 4055 euris,

191 4094 264 4137 oum
283 4094 372 4136 mens
391 4092 470 4135 onus
488 4071 622 4156 reponit,
641 4093 679 4136 ao
696 4072 863 4158 peregrino

190 4165 300 4231 labore
317 4165 394 4230 fessi
411 4164 560 4238 venimus
574 4164 674 4231 larem
692 4167 733 4231 ad
750 4177 893 4244 nostrum

156 4267 253 4311 ortuum
939 4265 958 4322 2
