2954 4990
296 357 350 398 ΧΠ
728 354 956 398 raonueomsus

297 494 399 534 eorum
416 476 448 533 in
461 477 632 533 universum
644 472 778 549 intellegi
791 480 895 551 potest.
923 493 1015 532 unum
1030 472 1066 532 de
1080 476 1182 553 primis
1196 495 1219 535 c.
1230 474 1402 534 LXXXII

298 579 362 620 esse
380 559 511 638 adparet,
529 560 562 618 in
581 579 638 638 quo
657 556 811 631 Quintium
831 556 979 636 quendam
997 558 1131 618 obsecrat
1147 579 1185 620 ne
1208 562 1264 620 sibi
1283 563 1401 638 eripiat

299 644 378 725 quod
395 646 453 723 ipsi
474 644 568 703 multo
587 645 682 702 carius
705 645 743 701 sit
766 643 866 703 oculis.
901 663 971 702 nam
993 643 1048 703 hoc
1070 663 1187 724 quoque
1207 649 1399 724 poematium

298 730 337 788 ad
358 730 507 802 Lesbiam,
534 749 595 787 non
617 728 656 786 ad
676 727 856 801 Aufilenam,
884 726 922 786 ad
945 747 1032 806 quam
1057 729 1148 806 vulgo
1174 731 1278 789 referri
1304 731 1397 802 solet,
1455 771 1456 788 ι

299 825 432 894 spectare
454 817 518 873 iure
541 813 692 872 contendit
712 813 896 873 Ribbeekius
918 813 937 870 l.
960 833 983 871 c.
1007 811 1161 886 Quintium
1184 823 1282 874 autem
1308 816 1399 873 hunc

300 899 411 960 Catulli
429 899 601 978 popularem
618 898 710 957 fuisse
728 917 766 958 ex
784 919 807 957 c.
823 897 856 971 0,
875 897 954 976 quod
972 898 1085 977 aliquot
1102 901 1188 958 annis
1206 907 1279 978 post,
1298 901 1396 978 plane

298 985 440 1045 dissoluto
466 992 572 1063 poetae
598 1003 664 1042 cum
689 983 799 1042 Lesbia
825 1002 931 1055 amore,
959 983 1095 1042 Veronae
1121 987 1306 1063 conpositum
1336 993 1394 1058 est,

297 1073 481 1149 perspicitur,
506 1068 667 1147 eodemque
685 1088 723 1127 ex
745 1071 956 1146 epigrammate
978 1069 1171 1146 probabiliter
1188 1070 1328 1146 colligere
1347 1073 1394 1128 vi·

298 1155 402 1214 demur
417 1157 506 1213 istum
523 1154 672 1212 hominem
689 1154 825 1230 precibus
840 1155 966 1211 amantis
980 1153 1050 1211 olim
1063 1175 1124 1213 non
1138 1155 1394 1233 obtemperavisse

298 1236 433 1314 (fortasse
454 1241 547 1316 igitur
565 1238 603 1297 ad
624 1238 751 1298 eundem
772 1241 900 1317 pertinet
921 1240 1010 1298 etiam
1032 1259 1055 1296 c.
1074 1238 1145 1308 LX,
1169 1241 1310 1319 scriptum
1335 1243 1393 1299 sci·

297 1325 367 1384 licet
388 1346 407 1383 a
428 1332 515 1403 poeta
541 1332 695 1402 postquam
722 1324 815 1382 verba
841 1342 872 1382 se
898 1323 1060 1401 perdidisse
1087 1322 1291 1400 cognoverat),
1320 1346 1392 1384 cum

298 1410 417 1470 Caelius
435 1419 537 1469 contra
550 1411 620 1466 item
633 1408 811 1467 Veronensis
829 1408 881 1466 illo
895 1416 1026 1486 tempore
1039 1428 1097 1488 quo
1111 1429 1172 1468 una
1186 1404 1252 1468 cum
1268 1409 1391 1469 Catullo

296 1497 409 1554 Romae
433 1496 555 1569 degeret
579 1512 682 1551 vemm
709 1496 736 1552 ei
763 1495 890 1551 amicum
916 1513 979 1552 sese
1004 1501 1173 1572 praestaret,
1201 1498 1263 1554 sive
1290 1498 1390 1554 oranti

296 1583 491 1657 morigeratus
509 1599 527 1636 a
543 1577 671 1636 Lesbiae
688 1597 787 1636 amore
806 1597 837 1636 se
855 1577 1014 1637 abstineret
1036 1582 1098 1639 sive
1117 1593 1334 1659 quamcumque
1354 1600 1390 1640 ea

296 1668 329 1724 in
355 1683 387 1722 re
410 1683 529 1742 operam
555 1669 687 1721 navaret.
723 1682 741 1720 a
766 1665 896 1722 carmine
921 1663 1079 1723 LXXXII
1104 1665 1219 1723 modico
1246 1668 1390 1742 temporis

295 1748 453 1809 intervallo
476 1748 585 1807 distare
605 1747 724 1806 videtur
744 1747 812 1820 XL,
840 1750 865 1807 si
887 1748 1007 1827 quidem
1029 1751 1148 1808 omnino
1170 1750 1228 1808 huc
1249 1752 1387 1828 pertinet,

295 1839 328 1893 in
346 1855 404 1913 quo
421 1841 510 1912 poeta
526 1832 642 1892 Ravido
662 1832 779 1891 cuidam
796 1852 921 1910 poenam
940 1836 1076 1906 minatur,
1099 1837 1169 1913 quia
1187 1855 1254 1894 suos
1273 1856 1388 1896 amores

296 1939 397 1978 amare
414 1919 549 1979 voluerit.
585 1917 676 1976 alium
700 1917 823 1978 rivalem
842 1917 977 1977 Catullus
999 1919 1128 1978 babebat
1147 1919 1276 1980 Gellium
1295 1940 1387 2000 quen·

297 2005 373 2076 dam,
385 2024 512 2083 quocum
525 2003 617 2061 multo
631 2023 687 2062 usu
701 2006 875 2062 coniunctus
884 2003 980 2063 fuerat
990 2000 1077 2078 (conf.
1088 2025 1111 2063 c.
1122 2004 1198 2063 XCI
1210 2008 1226 2062 1
1238 2025 1260 2063 s.
1271 2014 1301 2064 et
1311 2009 1328 2064 6
1340 2003 1386 2081 s).
1454 2049 1455 2078 ,

296 2093 323 2149 is
341 2109 401 2148 non
420 2097 574 2149 contentus
589 2109 655 2146 eum
668 2088 775 2148 Lesbia
795 2088 962 2148 adulterare
979 2091 1076 2168 ipsum
1089 2092 1177 2150 etiam
1190 2091 1333 2164 versibus,
1354 2099 1388 2150 ut
1454 2119 1455 2156 ι

295 2174 422 2248 videtur,
437 2177 469 2232 in
483 2193 549 2233 eum
564 2173 650 2231 factis
665 2173 818 2232 cavillatus
832 2182 884 2232 est.
911 2194 999 2254 quem
1012 2183 1045 2233 ut
1058 2175 1172 2248 leniret,
1187 2177 1214 2234 ei
1227 2183 1260 2233 ut
1271 2176 1386 2236 homini

296 2260 427 2319 studioso
446 2262 577 2318 carmina
591 2258 736 2337 quaedam
751 2257 928 2317 Callimachi
944 2263 976 2318 in
988 2262 1116 2337 patrium
1135 2279 1298 2320 sermonem
1317 2281 1385 2321 con·

295 2364 383 2404 versa
399 2346 515 2403 mittere
533 2345 692 2402 constituit.
719 2342 772 2402 sed
788 2351 944 2422 postquam
961 2345 1040 2403 hunc
1057 2345 1188 2404 laborem
1205 2347 1314 2404 trustra
1327 2347 1385 2406 ribi
1454 2369 1455 2372 ¹

296 2436 444 2509 sumptum
463 2448 526 2488 esse
543 2428 698 2501 intellexit,
718 2427 828 2487 eisdem
845 2430 920 2502 telis,
943 2438 974 2488 at
991 2429 1084 2490 multo
1106 2430 1329 2504 efficacioribus,
1353 2451 1385 2492 se

297 2523 399 2574 contra
416 2514 501 2572 illum
519 2533 641 2572 usurum
659 2531 722 2572 esse
740 2513 885 2591 praedicit
898 2511 934 2588 (c.
950 2513 1061 2588 CXVI,
1079 2517 1111 2575 in
1130 2518 1212 2574 cuius
1229 2519 1288 2574 v.1
1309 2517 1385 2576 illud

297 2603 420 2658 studioso
438 2620 498 2660 non
516 2618 583 2658 cum
600 2602 690 2655 ocimo
708 2598 861 2670 vocabulo,
885 2607 918 2657 ut
936 2599 1056 2678 quidem
1078 2603 1178 2679 inepte
1195 2607 1309 2678 putant,
1332 2602 1385 2662 sed

297 2705 364 2743 cum
390 2687 439 2743 tibi
464 2686 638 2763 pronomine
664 2683 904 2760 coniungendum
931 2683 999 2761 est),
1027 2705 1135 2765 easque
1161 2689 1256 2744 minas
1282 2695 1386 2765 postea

296 2779 436 2830 executus
463 2776 507 2828 est
529 2767 724 2828 acerbissimis
750 2771 971 2846 epigrammatis
993 2772 1024 2828 in
1047 2769 1179 2830 Gellium
1201 2774 1326 2848 scriptis,
1351 2775 1385 2833 in

296 2856 403 2936 quibus
421 2862 522 2934 stupra
544 2874 611 2912 cum
633 2873 724 2913 uxore
746 2856 856 2932 patrui,
880 2874 946 2912 curn
969 2864 1075 2928 matre,
1099 2876 1164 2915 cum
1188 2875 1284 2914 sorore
1306 2877 1384 2916 com·

295 2944 385 3000 missa
420 2948 450 2999 et
483 2939 607 2999 fellandi
640 2938 796 2999 libidinem
831 2941 859 2998 ei
893 2939 984 2998 obicit
1014 2938 1050 3014 (c.
1081 2941 1224 3000 LXXIV.
1251 2941 1381 3001 LXXX.

294 3021 635 3101 LXXXVIII—XCI).
670 3024 750 3083 hunc
773 3023 913 3098 Gellium,
939 3034 972 3083 ut
993 3025 1024 3083 id
1052 3029 1150 3085 statim
1177 3025 1293 3099 addam,
1320 3031 1382 3087 veri

296 3111 391 3170 simile
418 3117 463 3169 est
487 3111 577 3169 fuisse
598 3111 633 3169 L.
658 3109 797 3183 Gellium,
824 3111 858 3168 L.
883 3109 975 3169 Gellii
995 3111 1174 3190 Poplicolae,
1201 3112 1329 3170 consulis
1355 3133 1380 3172 a.

297 3192 425 3272 682l72,
449 3195 556 3267 filium,
581 3214 668 3274 quem
685 3195 829 3255 Valerius·
845 3197 995 3254 Maximus
1013 3197 1042 3255 V
1061 3198 1078 3253 9
1099 3199 1115 3254 1
1140 3205 1240 3255 narrat
1261 3218 1279 3254 a
1300 3206 1382 3276 patre

296 3286 417 3359 propter
434 3282 528 3357 stupri
545 3282 577 3338 in
595 3284 753 3338 novercam
772 3282 920 3339 commissi
937 3289 966 3340 et
983 3281 1135 3360 parricidii
1153 3283 1274 3358 cogitati
1292 3286 1381 3361 suspi-

298 3368 413 3424 cionem
431 3366 463 3422 in
476 3364 642 3440 consilium
664 3367 845 3423 senatorium
867 3365 906 3423 ad
927 3386 1046 3425 causam
1068 3366 1225 3426 dicendam
1246 3376 1381 3427 vocatum

296 3451 333 3510 ab
358 3468 451 3529 eoque
474 3449 640 3508 absolutum
667 3468 737 3508 esse.
777 3469 847 3508 nam
876 3458 992 3528 praeter
1017 3452 1093 3510 illud
1118 3455 1246 3511 incestus
1273 3455 1381 3512 crimen

298 3538 387 3596 etiam
404 3543 485 3594 aetas
503 3537 656 3613 utriusque
675 3537 822 3608 convenit,
841 3535 959 3614 quando
977 3539 1063 3596 annis
1078 3534 1192 3616 sesses
1211 3547 1241 3596 et
1259 3533 1380 3614 696s58,

297 3622 413 3702 quibus,
432 3628 465 3678 ut
482 3619 562 3678 intra
580 3619 742 3698 adparebit,
766 3622 866 3678 omnia
883 3623 1014 3680 carmina
1032 3629 1134 3682 contra
1151 3631 1295 3683 amatores
1312 3623 1380 3683 Les-

297 3709 365 3767 biae
383 3708 489 3766 emissa
507 3705 695 3764 attribuenda
717 3713 797 3779 sunt,
820 3706 855 3764 L.
875 3705 999 3781 Gellius,
1021 3701 1193 3786 Poplicdlae
1214 3707 1301 3781 filius,
1322 3715 1380 3768 non

295 3800 392 3871 potest
412 3812 473 3851 non
495 3789 667 3850 adulescens
689 3790 793 3865 fuisse,
817 3800 919 3869 utpote
941 3795 991 3872 qui
1014 3813 1040 3850 a.
1060 3787 1174 3870 718s36
1198 3794 1380 3853 consulatum

296 3879 427 3954 gesserit,
456 3875 658 3936 Oatullianum
680 3883 779 3935 autem
802 3877 931 3936 Gellium
953 3881 985 3937 in
1008 3879 1079 3937 flore
1104 3881 1266 3938 iuventutis
1293 3878 1380 3939 fuisse

296 3982 364 4022 cum
390 3983 443 4042 per
469 3981 500 4022 se
526 3960 720 4037 intellegitur,
747 3969 811 4020 tum
838 3965 976 4021 carminis
1001 3963 1124 4022 LXXX
1146 3966 1263 4022 initium
1290 3964 1378 4024 docet.

297 4047 373 4106 conf.
393 4047 565 4108 Schwabius
588 4047 606 4104 l.
626 4066 649 4105 c.
667 4067 695 4126 p.
716 4048 777 4104 110
791 4067 827 4105 ss.
851 4057 880 4107 et
902 4048 1060 4108 Eduardus
1078 4071 1096 4108 a
1113 4051 1230 4108 Bruner
1251 4052 1283 4108 in
1306 4057 1379 4108 acto·

296 4153 362 4190 rum
389 4135 536 4193 societatis
567 4133 668 4192 scient.
695 4132 846 4192 Fennicae
872 4141 892 4192 t.
915 4133 985 4208 VII,
1014 4154 1043 4213 p.
1072 4136 1132 4193 622
1156 4155 1186 4210 s,
1219 4137 1270 4216 qui
1296 4136 1379 4196 ambo
