<?xml version="1.0" encoding="UTF-8"?>
<!DOCTYPE html PUBLIC "-//W3C//DTD XHTML 1.0 Transitional//EN"
    "http://www.w3.org/TR/xhtml1/DTD/xhtml1-transitional.dtd">
<html xmlns="http://www.w3.org/1999/xhtml" xml:lang="en" lang="en">
 <head>
  <title>
</title>
<meta http-equiv="Content-Type" content="text/html;charset=utf-8" />
  <meta name='ocr-system' content='tesseract 3.04.00' />
  <meta name='ocr-capabilities' content='ocr_page ocr_carea ocr_par ocr_line ocrx_word'/>
</head>
<body>
  <div class='ocr_page' id='page_1' title='image "./carmina01schmgoog_0072.png"; bbox 0 0 2954 4990; ppageno 0'>
   <div class='ocr_carea' id='block_1_1' title="bbox 538 362 1197 440">
    <p class='ocr_par' dir='ltr' id='par_1_1' title="bbox 538 362 1197 440">
     <span class='ocr_line' id='line_1_1' title="bbox 538 362 1197 440; baseline 0.006 -4"><span class='ocrx_word' id='word_1_1' title='bbox 538 394 765 440; x_wconf 76' lang='lat' dir='ltr'>rsonrsonuss</span> <span class='ocrx_word' id='word_1_2' title='bbox 1070 362 1071 366; x_wconf 25' lang='lat'>¹</span> <span class='ocrx_word' id='word_1_3' title='bbox 1136 397 1197 440; x_wconf 86' lang='lat' dir='ltr'>nxv</span> 
     </span>
    </p>
   </div>
   <div class='ocr_carea' id='block_1_2' title="bbox 90 512 1196 4165">
    <p class='ocr_par' dir='ltr' id='par_1_2' title="bbox 90 512 1196 4165">
     <span class='ocr_line' id='line_1_2' title="bbox 106 512 1194 597; baseline -0.001 -19"><span class='ocrx_word' id='word_1_4' title='bbox 106 518 244 578; x_wconf 87' lang='lat' dir='ltr'>addictus</span> <span class='ocrx_word' id='word_1_5' title='bbox 262 523 332 577; x_wconf 85' lang='lat' dir='ltr'>erat.</span> <span class='ocrx_word' id='word_1_6' title='bbox 359 519 413 597; x_wconf 91' lang='lat' dir='ltr'>qui</span> <span class='ocrx_word' id='word_1_7' title='bbox 430 523 585 595; x_wconf 84' lang='lat' dir='ltr'><strong>postquam</strong></span> <span class='ocrx_word' id='word_1_8' title='bbox 599 523 672 577; x_wconf 92' lang='lat' dir='ltr'>teste</span> <span class='ocrx_word' id='word_1_9' title='bbox 685 517 870 595; x_wconf 76' lang='lat' dir='ltr'><strong>Hieronymo</strong></span> <span class='ocrx_word' id='word_1_10' title='bbox 884 514 924 575; x_wconf 92' lang='lat' dir='ltr'>ad</span> <span class='ocrx_word' id='word_1_11' title='bbox 940 535 1009 576; x_wconf 91' lang='lat' dir='ltr'>ann.</span> <span class='ocrx_word' id='word_1_12' title='bbox 1022 512 1095 576; x_wconf 91' lang='lat' dir='ltr'>Abr.</span> <span class='ocrx_word' id='word_1_13' title='bbox 1112 517 1194 576; x_wconf 76' lang='lat'>1935</span> 
     </span>
     <span class='ocr_line' id='line_1_3' title="bbox 106 601 1195 680; baseline -0.002 -18"><span class='ocrx_word' id='word_1_14' title='bbox 106 625 187 663; x_wconf 87' lang='lat' dir='ltr'>anno</span> <span class='ocrx_word' id='word_1_15' title='bbox 204 606 309 664; x_wconf 86' lang='lat' dir='ltr'>aetatis</span> <span class='ocrx_word' id='word_1_16' title='bbox 326 603 474 662; x_wconf 87' lang='lat' dir='ltr'>tricesimo</span> <span class='ocrx_word' id='word_1_17' title='bbox 491 605 594 680; x_wconf 91' lang='lat' dir='ltr'>quinto</span> <span class='ocrx_word' id='word_1_18' title='bbox 610 601 739 661; x_wconf 83' lang='lat' dir='ltr'>Graecas</span> <span class='ocrx_word' id='word_1_19' title='bbox 756 601 869 661; x_wconf 79' lang='lat' dir='ltr'><strong>litteras</strong></span> <span class='ocrx_word' id='word_1_20' title='bbox 887 622 954 660; x_wconf 92' lang='lat' dir='ltr'>cum</span> <span class='ocrx_word' id='word_1_21' title='bbox 965 621 1079 661; x_wconf 91' lang='lat' dir='ltr'>summo</span> <span class='ocrx_word' id='word_1_22' title='bbox 1097 601 1195 661; x_wconf 91' lang='lat' dir='ltr'>studio</span> 
     </span>
     <span class='ocr_line' id='line_1_4' title="bbox 106 685 1194 765; baseline -0.002 -18"><span class='ocrx_word' id='word_1_23' title='bbox 106 689 268 761; x_wconf 81' lang='lat' dir='ltr'>didicisset,</span> <span class='ocrx_word' id='word_1_24' title='bbox 291 686 331 746; x_wconf 86' lang='lat' dir='ltr'>ad</span> <span class='ocrx_word' id='word_1_25' title='bbox 346 685 620 746; x_wconf 86' lang='lat' dir='ltr'>Alexandrinorum</span> <span class='ocrx_word' id='word_1_26' title='bbox 636 690 832 747; x_wconf 86' lang='lat' dir='ltr'>imitationem</span> <span class='ocrx_word' id='word_1_27' title='bbox 848 694 879 746; x_wconf 90' lang='lat' dir='ltr'>et</span> <span class='ocrx_word' id='word_1_28' title='bbox 899 691 964 765; x_wconf 91' lang='lat' dir='ltr'>ipse</span> <span class='ocrx_word' id='word_1_29' title='bbox 981 705 1044 747; x_wconf 91' lang='lat' dir='ltr'>sese</span> <span class='ocrx_word' id='word_1_30' title='bbox 1061 687 1194 746; x_wconf 87' lang='lat' dir='ltr'>contulit</span> 
     </span>
     <span class='ocr_line' id='line_1_5' title="bbox 106 770 1196 852; baseline -0.001 -20"><span class='ocrx_word' id='word_1_31' title='bbox 106 792 204 852; x_wconf 92' lang='lat' dir='ltr'>neque</span> <span class='ocrx_word' id='word_1_32' title='bbox 231 772 342 850; x_wconf 86' lang='lat' dir='ltr'>elegias</span> <span class='ocrx_word' id='word_1_33' title='bbox 369 775 432 832; x_wconf 90' lang='lat' dir='ltr'>eius</span> <span class='ocrx_word' id='word_1_34' title='bbox 458 791 477 830; x_wconf 88' lang='lat' dir='ltr'>a</span> <span class='ocrx_word' id='word_1_35' title='bbox 502 771 682 852; x_wconf 90' lang='lat' dir='ltr'>reliquorum</span> <span class='ocrx_word' id='word_1_36' title='bbox 704 771 826 832; x_wconf 89' lang='lat' dir='ltr'>Catonis</span> <span class='ocrx_word' id='word_1_37' title='bbox 852 770 1064 850; x_wconf 88' lang='lat' dir='ltr'>discipulorum</span> <span class='ocrx_word' id='word_1_38' title='bbox 1088 779 1196 831; x_wconf 88' lang='lat' dir='ltr'>natura</span> 
     </span>
     <span class='ocr_line' id='line_1_6' title="bbox 105 854 1193 936; baseline 0 -19"><span class='ocrx_word' id='word_1_39' title='bbox 105 858 240 918; x_wconf 87' lang='lat' dir='ltr'>diversas</span> <span class='ocrx_word' id='word_1_40' title='bbox 265 858 357 917; x_wconf 77' lang='lat' dir='ltr'>tuisse</span> <span class='ocrx_word' id='word_1_41' title='bbox 380 854 467 917; x_wconf 85' lang='lat' dir='ltr'>Ovid</span> <span class='ocrx_word' id='word_1_42' title='bbox 490 859 564 916; x_wconf 85' lang='lat' dir='ltr'>trist.</span> <span class='ocrx_word' id='word_1_43' title='bbox 587 857 744 916; x_wconf 81' lang='lat' dir='ltr'>11439s.</span> <span class='ocrx_word' id='word_1_44' title='bbox 771 866 800 917; x_wconf 89' lang='lat' dir='ltr'>et</span> <span class='ocrx_word' id='word_1_45' title='bbox 820 856 954 936; x_wconf 89' lang='lat' dir='ltr'>Propert.</span> <span class='ocrx_word' id='word_1_46' title='bbox 976 857 1026 916; x_wconf 93' lang='grc' dir='ltr'>ΙΠ</span> <span class='ocrx_word' id='word_1_47' title='bbox 1049 858 1089 916; x_wconf 88' lang='grc'>34</span> <span class='ocrx_word' id='word_1_48' title='bbox 1111 857 1151 915; x_wconf 85' lang='grc'>85</span> <span class='ocrx_word' id='word_1_49' title='bbox 1170 876 1193 917; x_wconf 91' lang='lat' dir='ltr'>s.</span> 
     </span>
     <span class='ocr_line' id='line_1_7' title="bbox 104 940 1194 1021; baseline -0.002 -19"><span class='ocrx_word' id='word_1_50' title='bbox 104 942 274 1003; x_wconf 88' lang='lat' dir='ltr'>ostendunt.</span> <span class='ocrx_word' id='word_1_51' title='bbox 302 941 354 1002; x_wconf 90' lang='lat' dir='ltr'>sed</span> <span class='ocrx_word' id='word_1_52' title='bbox 366 940 444 1021; x_wconf 92' lang='lat' dir='ltr'>quod</span> <span class='ocrx_word' id='word_1_53' title='bbox 459 940 537 1000; x_wconf 91' lang='lat' dir='ltr'>idem</span> <span class='ocrx_word' id='word_1_54' title='bbox 547 940 751 1018; x_wconf 86' lang='lat' dir='ltr'>Argonautica</span> <span class='ocrx_word' id='word_1_55' title='bbox 758 942 913 1021; x_wconf 91' lang='lat' dir='ltr'>Apollonii</span> <span class='ocrx_word' id='word_1_56' title='bbox 920 941 1039 1015; x_wconf 86' lang='lat' dir='ltr'>Rhodii,</span> <span class='ocrx_word' id='word_1_57' title='bbox 1053 961 1194 1018; x_wconf 81' lang='lat' dir='ltr'>maguum</span> 
     </span>
     <span class='ocr_line' id='line_1_8' title="bbox 104 1027 1195 1107; baseline -0.002 -19"><span class='ocrx_word' id='word_1_58' title='bbox 104 1047 178 1107; x_wconf 91' lang='lat' dir='ltr'>epos</span> <span class='ocrx_word' id='word_1_59' title='bbox 196 1045 226 1088; x_wconf 89' lang='lat' dir='ltr'>et</span> <span class='ocrx_word' id='word_1_60' title='bbox 238 1049 257 1087; x_wconf 92' lang='lat' dir='ltr'>a</span> <span class='ocrx_word' id='word_1_61' title='bbox 270 1027 446 1088; x_wconf 76' lang='lat' dir='ltr'>Callimachi</span> <span class='ocrx_word' id='word_1_62' title='bbox 462 1027 626 1086; x_wconf 90' lang='lat' dir='ltr'>rationibus</span> <span class='ocrx_word' id='word_1_63' title='bbox 643 1028 812 1100; x_wconf 82' lang='lat' dir='ltr'>abhorrens,</span> <span class='ocrx_word' id='word_1_64' title='bbox 829 1030 863 1086; x_wconf 90' lang='lat' dir='ltr'>in</span> <span class='ocrx_word' id='word_1_65' title='bbox 877 1028 1018 1087; x_wconf 87' lang='lat' dir='ltr'>Latinum</span> <span class='ocrx_word' id='word_1_66' title='bbox 1031 1046 1195 1087; x_wconf 89' lang='lat' dir='ltr'>sermonem</span> 
     </span>
     <span class='ocr_line' id='line_1_9' title="bbox 103 1111 1195 1191; baseline -0.001 -19"><span class='ocrx_word' id='word_1_67' title='bbox 103 1117 261 1186; x_wconf 84' lang='lat' dir='ltr'>convertit,</span> <span class='ocrx_word' id='word_1_68' title='bbox 280 1131 347 1172; x_wconf 90' lang='lat' dir='ltr'>eum</span> <span class='ocrx_word' id='word_1_69' title='bbox 365 1111 550 1191; x_wconf 86' lang='lat' dir='ltr'>aliquantum</span> <span class='ocrx_word' id='word_1_70' title='bbox 566 1131 586 1169; x_wconf 92' lang='lat' dir='ltr'>a</span> <span class='ocrx_word' id='word_1_71' title='bbox 603 1111 721 1171; x_wconf 89' lang='lat' dir='ltr'>scholae</span> <span class='ocrx_word' id='word_1_72' title='bbox 733 1115 900 1191; x_wconf 82' lang='lat' dir='ltr'>praeceptis</span> <span class='ocrx_word' id='word_1_73' title='bbox 914 1111 1078 1171; x_wconf 84' lang='lat' dir='ltr'>declinasse</span> <span class='ocrx_word' id='word_1_74' title='bbox 1090 1120 1195 1191; x_wconf 90' lang='lat' dir='ltr'>putan-</span> 
     </span>
     <span class='ocr_line' id='line_1_10' title="bbox 104 1196 1194 1276; baseline -0.001 -19"><span class='ocrx_word' id='word_1_75' title='bbox 104 1198 179 1257; x_wconf 91' lang='lat' dir='ltr'>dum</span> <span class='ocrx_word' id='word_1_76' title='bbox 197 1205 248 1257; x_wconf 83' lang='lat' dir='ltr'>est</span> <span class='ocrx_word' id='word_1_77' title='bbox 285 1205 395 1276; x_wconf 89' lang='lat' dir='ltr'>quanto</span> <span class='ocrx_word' id='word_1_78' title='bbox 418 1205 517 1256; x_wconf 90' lang='lat' dir='ltr'>autem</span> <span class='ocrx_word' id='word_1_79' title='bbox 538 1199 633 1272; x_wconf 82' lang='lat' dir='ltr'>magis</span> <span class='ocrx_word' id='word_1_80' title='bbox 655 1196 687 1255; x_wconf 90' lang='lat' dir='ltr'>bi</span> <span class='ocrx_word' id='word_1_81' title='bbox 708 1206 813 1275; x_wconf 90' lang='lat' dir='ltr'>poetae</span> <span class='ocrx_word' id='word_1_82' title='bbox 834 1199 867 1256; x_wconf 90' lang='lat' dir='ltr'>in</span> <span class='ocrx_word' id='word_1_83' title='bbox 889 1196 1051 1256; x_wconf 81' lang='lat' dir='ltr'>condendis</span> <span class='ocrx_word' id='word_1_84' title='bbox 1073 1201 1194 1256; x_wconf 89' lang='lat' dir='ltr'>minoris</span> 
     </span>
     <span class='ocr_line' id='line_1_11' title="bbox 105 1279 1194 1361; baseline 0.001 -19"><span class='ocrx_word' id='word_1_85' title='bbox 105 1284 237 1342; x_wconf 90' lang='lat' dir='ltr'>ambitus</span> <span class='ocrx_word' id='word_1_86' title='bbox 255 1281 434 1342; x_wconf 86' lang='lat' dir='ltr'>carminibus</span> <span class='ocrx_word' id='word_1_87' title='bbox 456 1282 518 1340; x_wconf 83' lang='lat' dir='ltr'>fere</span> <span class='ocrx_word' id='word_1_88' title='bbox 539 1279 728 1361; x_wconf 87' lang='lat' dir='ltr'>adquiescere</span> <span class='ocrx_word' id='word_1_89' title='bbox 751 1280 893 1354; x_wconf 90' lang='lat' dir='ltr'>solebant,</span> <span class='ocrx_word' id='word_1_90' title='bbox 917 1288 999 1340; x_wconf 89' lang='lat' dir='ltr'>tanto</span> <span class='ocrx_word' id='word_1_91' title='bbox 1022 1280 1194 1358; x_wconf 85' lang='lat' dir='ltr'>diligentius</span> 
     </span>
     <span class='ocr_line' id='line_1_12' title="bbox 104 1365 1195 1445; baseline -0.001 -18"><span class='ocrx_word' id='word_1_92' title='bbox 104 1387 143 1427; x_wconf 89' lang='lat' dir='ltr'>ea</span> <span class='ocrx_word' id='word_1_93' title='bbox 159 1367 434 1426; x_wconf 90' lang='lat' dir='ltr'>Alexandrinorum</span> <span class='ocrx_word' id='word_1_94' title='bbox 451 1384 532 1424; x_wconf 90' lang='lat' dir='ltr'>more</span> <span class='ocrx_word' id='word_1_95' title='bbox 553 1366 758 1444; x_wconf 91' lang='lat' dir='ltr'>perpoliebant</span> <span class='ocrx_word' id='word_1_96' title='bbox 779 1384 968 1445; x_wconf 90' lang='lat' dir='ltr'>summaeque</span> <span class='ocrx_word' id='word_1_97' title='bbox 991 1365 1148 1426; x_wconf 81' lang='lat' dir='ltr'>studebant</span> <span class='ocrx_word' id='word_1_98' title='bbox 1165 1376 1195 1426; x_wconf 87' lang='lat' dir='ltr'>st</span> 
     </span>
     <span class='ocr_line' id='line_1_13' title="bbox 104 1449 1195 1530; baseline -0.002 -18"><span class='ocrx_word' id='word_1_99' title='bbox 104 1455 250 1513; x_wconf 87' lang='lat' dir='ltr'>orationis</span> <span class='ocrx_word' id='word_1_100' title='bbox 267 1460 298 1511; x_wconf 91' lang='lat' dir='ltr'>et</span> <span class='ocrx_word' id='word_1_101' title='bbox 315 1470 502 1510; x_wconf 90' lang='lat' dir='ltr'>numerorum</span> <span class='ocrx_word' id='word_1_102' title='bbox 519 1449 693 1526; x_wconf 85' lang='lat' dir='ltr'>elegantiae.</span> <span class='ocrx_word' id='word_1_103' title='bbox 724 1455 829 1530; x_wconf 89' lang='lat' dir='ltr'>quain</span> <span class='ocrx_word' id='word_1_104' title='bbox 845 1471 877 1511; x_wconf 92' lang='lat' dir='ltr'>re</span> <span class='ocrx_word' id='word_1_105' title='bbox 890 1470 977 1511; x_wconf 90' lang='lat' dir='ltr'>nemo</span> <span class='ocrx_word' id='word_1_106' title='bbox 990 1450 1112 1510; x_wconf 89' lang='lat' dir='ltr'>ulterius</span> <span class='ocrx_word' id='word_1_107' title='bbox 1129 1471 1195 1530; x_wconf 91' lang='lat' dir='ltr'>pro·</span> 
     </span>
     <span class='ocr_line' id='line_1_14' title="bbox 104 1535 1194 1615; baseline -0.002 -18"><span class='ocrx_word' id='word_1_108' title='bbox 104 1541 230 1598; x_wconf 87' lang='lat' dir='ltr'>cessisse</span> <span class='ocrx_word' id='word_1_109' title='bbox 247 1535 366 1596; x_wconf 89' lang='lat' dir='ltr'>videtur</span> <span class='ocrx_word' id='word_1_110' title='bbox 382 1556 471 1615; x_wconf 91' lang='lat' dir='ltr'>quam</span> <span class='ocrx_word' id='word_1_111' title='bbox 493 1535 619 1595; x_wconf 89' lang='lat' dir='ltr'>Helvius</span> <span class='ocrx_word' id='word_1_112' title='bbox 637 1535 748 1608; x_wconf 90' lang='lat' dir='ltr'>Cinna,</span> <span class='ocrx_word' id='word_1_113' title='bbox 771 1538 855 1596; x_wconf 90' lang='lat' dir='ltr'>cuius</span> <span class='ocrx_word' id='word_1_114' title='bbox 873 1536 1047 1615; x_wconf 82' lang='lat' dir='ltr'>Zmyrnam,</span> <span class='ocrx_word' id='word_1_115' title='bbox 1069 1557 1194 1614; x_wconf 87' lang='lat' dir='ltr'>parvum</span> 
     </span>
     <span class='ocr_line' id='line_1_15' title="bbox 104 1618 1194 1702; baseline -0.001 -21"><span class='ocrx_word' id='word_1_116' title='bbox 104 1642 189 1702; x_wconf 90' lang='lat' dir='ltr'>opus,</span> <span class='ocrx_word' id='word_1_117' title='bbox 212 1640 320 1681; x_wconf 84' lang='lat' dir='ltr'>novem</span> <span class='ocrx_word' id='word_1_118' title='bbox 337 1624 423 1679; x_wconf 87' lang='lat' dir='ltr'>annis</span> <span class='ocrx_word' id='word_1_119' title='bbox 441 1618 622 1680; x_wconf 86' lang='lat' dir='ltr'>elaboratam</span> <span class='ocrx_word' id='word_1_120' title='bbox 640 1639 704 1680; x_wconf 91' lang='lat' dir='ltr'>esse</span> <span class='ocrx_word' id='word_1_121' title='bbox 721 1624 836 1681; x_wconf 89' lang='lat' dir='ltr'>scimus.</span> <span class='ocrx_word' id='word_1_122' title='bbox 872 1620 1020 1680; x_wconf 90' lang='lat' dir='ltr'>sedidem</span> <span class='ocrx_word' id='word_1_123' title='bbox 1041 1624 1074 1680; x_wconf 91' lang='lat' dir='ltr'>in</span> <span class='ocrx_word' id='word_1_124' title='bbox 1091 1621 1194 1682; x_wconf 89' lang='lat' dir='ltr'>eodem</span> 
     </span>
     <span class='ocr_line' id='line_1_16' title="bbox 105 1704 1194 1786; baseline -0.001 -20"><span class='ocrx_word' id='word_1_125' title='bbox 105 1710 237 1767; x_wconf 89' lang='lat' dir='ltr'>carmine</span> <span class='ocrx_word' id='word_1_126' title='bbox 254 1709 344 1765; x_wconf 90' lang='lat' dir='ltr'>etiam</span> <span class='ocrx_word' id='word_1_127' title='bbox 361 1709 435 1764; x_wconf 87' lang='lat' dir='ltr'>vitia</span> <span class='ocrx_word' id='word_1_128' title='bbox 451 1704 723 1766; x_wconf 88' lang='lat' dir='ltr'>Alexandrinorum</span> <span class='ocrx_word' id='word_1_129' title='bbox 743 1716 898 1784; x_wconf 91' lang='lat' dir='ltr'>poetarum</span> <span class='ocrx_word' id='word_1_130' title='bbox 915 1705 1087 1783; x_wconf 84' lang='lat' dir='ltr'>diligentius</span> <span class='ocrx_word' id='word_1_131' title='bbox 1105 1727 1194 1786; x_wconf 92' lang='lat' dir='ltr'>quam</span> 
     </span>
     <span class='ocr_line' id='line_1_17' title="bbox 104 1790 1195 1871; baseline 0.001 -20"><span class='ocrx_word' id='word_1_132' title='bbox 104 1791 270 1851; x_wconf 91' lang='lat' dir='ltr'>studiorum</span> <span class='ocrx_word' id='word_1_133' title='bbox 288 1799 436 1850; x_wconf 88' lang='lat' dir='ltr'>consortes</span> <span class='ocrx_word' id='word_1_134' title='bbox 458 1794 636 1869; x_wconf 86' lang='lat' dir='ltr'>expressisse</span> <span class='ocrx_word' id='word_1_135' title='bbox 657 1790 783 1850; x_wconf 83' lang='lat' dir='ltr'>videtur.</span> <span class='ocrx_word' id='word_1_136' title='bbox 818 1790 898 1871; x_wconf 91' lang='lat' dir='ltr'>quod</span> <span class='ocrx_word' id='word_1_137' title='bbox 919 1791 1039 1871; x_wconf 93' lang='lat' dir='ltr'>quidem</span> <span class='ocrx_word' id='word_1_138' title='bbox 1061 1791 1195 1871; x_wconf 82' lang='lat' dir='ltr'>epyllion</span> 
     </span>
     <span class='ocr_line' id='line_1_18' title="bbox 105 1874 1195 1955; baseline 0.001 -21"><span class='ocrx_word' id='word_1_139' title='bbox 105 1877 314 1955; x_wconf 84' lang='lat' dir='ltr'>Philargyrius</span> <span class='ocrx_word' id='word_1_140' title='bbox 332 1874 371 1935; x_wconf 87' lang='lat' dir='ltr'>ad</span> <span class='ocrx_word' id='word_1_141' title='bbox 382 1876 495 1952; x_wconf 85' lang='lat' dir='ltr'>Vergil.</span> <span class='ocrx_word' id='word_1_142' title='bbox 510 1876 563 1935; x_wconf 89' lang='lat' dir='ltr'>ecl.</span> <span class='ocrx_word' id='word_1_143' title='bbox 576 1875 625 1934; x_wconf 88' lang='lat' dir='ltr'>IX</span> <span class='ocrx_word' id='word_1_144' title='bbox 640 1876 679 1934; x_wconf 84' lang='lat'>35</span> <span class='ocrx_word' id='word_1_145' title='bbox 696 1874 769 1935; x_wconf 85' lang='lat' dir='ltr'>adeo</span> <span class='ocrx_word' id='word_1_146' title='bbox 787 1876 944 1936; x_wconf 91' lang='lat' dir='ltr'>obscurum</span> <span class='ocrx_word' id='word_1_147' title='bbox 961 1876 1052 1936; x_wconf 86' lang='lat' dir='ltr'>fuisse</span> <span class='ocrx_word' id='word_1_148' title='bbox 1069 1884 1195 1936; x_wconf 90' lang='lat' dir='ltr'>testatur</span> 
     </span>
     <span class='ocr_line' id='line_1_19' title="bbox 105 1960 1193 2038; baseline 0 -18"><span class='ocrx_word' id='word_1_149' title='bbox 105 1969 213 2020; x_wconf 90' lang='lat' dir='ltr'>utnon</span> <span class='ocrx_word' id='word_1_150' title='bbox 226 1961 302 2020; x_wconf 90' lang='lat' dir='ltr'>nulli</span> <span class='ocrx_word' id='word_1_151' title='bbox 316 1964 380 2020; x_wconf 91' lang='lat' dir='ltr'>eins</span> <span class='ocrx_word' id='word_1_152' title='bbox 394 1963 499 2020; x_wconf 87' lang='lat' dir='ltr'>aetatis</span> <span class='ocrx_word' id='word_1_153' title='bbox 512 1963 698 2036; x_wconf 85' lang='lat' dir='ltr'>grammatici</span> <span class='ocrx_word' id='word_1_154' title='bbox 711 1979 749 2020; x_wconf 87' lang='lat' dir='ltr'>ex</span> <span class='ocrx_word' id='word_1_155' title='bbox 760 1960 841 2021; x_wconf 91' lang='lat' dir='ltr'>illins</span> <span class='ocrx_word' id='word_1_156' title='bbox 854 1965 1040 2022; x_wconf 87' lang='lat' dir='ltr'>enarratione</span> <span class='ocrx_word' id='word_1_157' title='bbox 1053 1981 1193 2038; x_wconf 87' lang='lat' dir='ltr'>magnam</span> 
     </span>
     <span class='ocr_line' id='line_1_20' title="bbox 105 2044 1194 2124; baseline 0.002 -20"><span class='ocrx_word' id='word_1_158' title='bbox 105 2046 233 2122; x_wconf 86' lang='lat' dir='ltr'>gloriam</span> <span class='ocrx_word' id='word_1_159' title='bbox 254 2049 404 2106; x_wconf 90' lang='lat' dir='ltr'>consecuti</span> <span class='ocrx_word' id='word_1_160' title='bbox 426 2049 493 2105; x_wconf 88' lang='lat' dir='ltr'>sint.</span> <span class='ocrx_word' id='word_1_161' title='bbox 528 2064 625 2124; x_wconf 90' lang='lat' dir='ltr'>neque</span> <span class='ocrx_word' id='word_1_162' title='bbox 647 2064 716 2104; x_wconf 83' lang='lat' dir='ltr'>vero</span> <span class='ocrx_word' id='word_1_163' title='bbox 739 2045 862 2105; x_wconf 90' lang='lat' dir='ltr'>dubium</span> <span class='ocrx_word' id='word_1_164' title='bbox 883 2053 929 2105; x_wconf 91' lang='lat' dir='ltr'>est</span> <span class='ocrx_word' id='word_1_165' title='bbox 949 2049 1022 2124; x_wconf 90' lang='lat' dir='ltr'>quin</span> <span class='ocrx_word' id='word_1_166' title='bbox 1043 2044 1075 2104; x_wconf 90' lang='lat' dir='ltr'>id</span> <span class='ocrx_word' id='word_1_167' title='bbox 1096 2050 1194 2124; x_wconf 91' lang='lat' dir='ltr'>ipsum</span> 
     </span>
     <span class='ocr_line' id='line_1_21' title="bbox 94 2129 1193 2210; baseline -0.002 -19"><span class='ocrx_word' id='word_1_168' title='bbox 94 2131 206 2192; x_wconf 34' lang='lat' dir='ltr'>*Cinna</span> <span class='ocrx_word' id='word_1_169' title='bbox 227 2130 285 2190; x_wconf 87' lang='lat' dir='ltr'>sibi</span> <span class='ocrx_word' id='word_1_170' title='bbox 307 2129 390 2190; x_wconf 90' lang='lat' dir='ltr'>laudi</span> <span class='ocrx_word' id='word_1_171' title='bbox 412 2129 538 2202; x_wconf 84' lang='lat' dir='ltr'>duxerit,</span> <span class='ocrx_word' id='word_1_172' title='bbox 566 2129 814 2209; x_wconf 87' lang='lat' dir='ltr'>quemadmodum</span> <span class='ocrx_word' id='word_1_173' title='bbox 835 2129 1049 2189; x_wconf 87' lang='lat' dir='ltr'>Alexandrinis</span> <span class='ocrx_word' id='word_1_174' title='bbox 1074 2149 1193 2210; x_wconf 89' lang='lat' dir='ltr'>quoque</span> 
     </span>
     <span class='ocr_line' id='line_1_22' title="bbox 94 2214 1192 2296; baseline -0.003 -20"><span class='ocrx_word' id='word_1_175' title='bbox 94 2253 96 2260; x_wconf 39' lang='grc' dir='ltr'><em>ι</em></span> <span class='ocrx_word' id='word_1_176' title='bbox 104 2220 201 2296; x_wconf 89' lang='lat' dir='ltr'>poetis</span> <span class='ocrx_word' id='word_1_177' title='bbox 218 2220 407 2294; x_wconf 89' lang='lat' dir='ltr'>interpretem</span> <span class='ocrx_word' id='word_1_178' title='bbox 424 2222 454 2274; x_wconf 89' lang='lat' dir='ltr'>et</span> <span class='ocrx_word' id='word_1_179' title='bbox 471 2217 621 2294; x_wconf 89' lang='lat' dir='ltr'>requirere</span> <span class='ocrx_word' id='word_1_180' title='bbox 633 2222 663 2274; x_wconf 92' lang='lat' dir='ltr'>ct</span> <span class='ocrx_word' id='word_1_181' title='bbox 674 2218 810 2274; x_wconf 87' lang='lat' dir='ltr'>invenire</span> <span class='ocrx_word' id='word_1_182' title='bbox 822 2214 1017 2274; x_wconf 88' lang='lat' dir='ltr'>honorificum</span> <span class='ocrx_word' id='word_1_183' title='bbox 1030 2222 1075 2274; x_wconf 91' lang='lat' dir='ltr'>est</span> <span class='ocrx_word' id='word_1_184' title='bbox 1085 2217 1192 2274; x_wconf 85' lang='lat' dir='ltr'>visum.</span> 
     </span>
     <span class='ocr_line' id='line_1_23' title="bbox 105 2298 1192 2379; baseline -0.001 -19"><span class='ocrx_word' id='word_1_185' title='bbox 105 2302 184 2360; x_wconf 82' lang='lat' dir='ltr'>conf.</span> <span class='ocrx_word' id='word_1_186' title='bbox 202 2300 365 2360; x_wconf 83' lang='lat' dir='ltr'>Merkelius</span> <span class='ocrx_word' id='word_1_187' title='bbox 382 2298 421 2358; x_wconf 92' lang='lat' dir='ltr'>ad</span> <span class='ocrx_word' id='word_1_188' title='bbox 438 2300 508 2359; x_wconf 91' lang='lat' dir='ltr'>Ibin</span> <span class='ocrx_word' id='word_1_189' title='bbox 524 2321 553 2378; x_wconf 90' lang='lat' dir='ltr'>p.</span> <span class='ocrx_word' id='word_1_190' title='bbox 573 2301 643 2358; x_wconf 83' lang='grc'><strong>347.</strong></span> <span class='ocrx_word' id='word_1_191' title='bbox 679 2299 732 2359; x_wconf 91' lang='lat' dir='ltr'>sed</span> <span class='ocrx_word' id='word_1_192' title='bbox 748 2299 828 2379; x_wconf 90' lang='lat' dir='ltr'>quod</span> <span class='ocrx_word' id='word_1_193' title='bbox 848 2303 900 2359; x_wconf 88' lang='lat' dir='ltr'>isti</span> <span class='ocrx_word' id='word_1_194' title='bbox 916 2307 1022 2379; x_wconf 89' lang='lat' dir='ltr'>poetae</span> <span class='ocrx_word' id='word_1_195' title='bbox 1042 2299 1082 2358; x_wconf 92' lang='lat' dir='ltr'>ad</span> <span class='ocrx_word' id='word_1_196' title='bbox 1098 2321 1192 2359; x_wconf 87' lang='lat' dir='ltr'>unum</span> 
     </span>
     <span class='ocr_line' id='line_1_24' title="bbox 103 2385 1192 2464; baseline 0 -19"><span class='ocrx_word' id='word_1_197' title='bbox 103 2404 209 2446; x_wconf 88' lang='lat' dir='ltr'>omnes</span> <span class='ocrx_word' id='word_1_198' title='bbox 225 2385 293 2444; x_wconf 92' lang='lat' dir='ltr'>rudi</span> <span class='ocrx_word' id='word_1_199' title='bbox 315 2392 377 2444; x_wconf 91' lang='lat' dir='ltr'>arte</span> <span class='ocrx_word' id='word_1_200' title='bbox 400 2387 599 2463; x_wconf 85' lang='lat' dir='ltr'>antiquiorum</span> <span class='ocrx_word' id='word_1_201' title='bbox 622 2393 720 2464; x_wconf 90' lang='lat' dir='ltr'>spreta</span> <span class='ocrx_word' id='word_1_202' title='bbox 739 2387 774 2445; x_wconf 90' lang='lat' dir='ltr'>in</span> <span class='ocrx_word' id='word_1_203' title='bbox 796 2388 928 2445; x_wconf 89' lang='lat' dir='ltr'>oratione</span> <span class='ocrx_word' id='word_1_204' title='bbox 949 2392 979 2444; x_wconf 90' lang='lat' dir='ltr'>et</span> <span class='ocrx_word' id='word_1_205' title='bbox 999 2388 1031 2444; x_wconf 91' lang='lat' dir='ltr'>in</span> <span class='ocrx_word' id='word_1_206' title='bbox 1057 2385 1192 2445; x_wconf 86' lang='lat' dir='ltr'>versibus</span> 
     </span>
     <span class='ocr_line' id='line_1_25' title="bbox 104 2470 1193 2550; baseline 0 -20"><span class='ocrx_word' id='word_1_207' title='bbox 104 2471 209 2530; x_wconf 91' lang='lat' dir='ltr'>limam</span> <span class='ocrx_word' id='word_1_208' title='bbox 233 2478 315 2530; x_wconf 87' lang='lat' dir='ltr'>tanto</span> <span class='ocrx_word' id='word_1_209' title='bbox 338 2491 405 2529; x_wconf 90' lang='lat' dir='ltr'>cum</span> <span class='ocrx_word' id='word_1_210' title='bbox 427 2470 524 2530; x_wconf 90' lang='lat' dir='ltr'>studio</span> <span class='ocrx_word' id='word_1_211' title='bbox 551 2470 806 2544; x_wconf 88' lang='lat' dir='ltr'>consectabantur,</span> <span class='ocrx_word' id='word_1_212' title='bbox 829 2473 910 2530; x_wconf 87' lang='lat' dir='ltr'>viam</span> <span class='ocrx_word' id='word_1_213' title='bbox 930 2474 1193 2550; x_wconf 90' lang='lat' dir='ltr'>praemuniverunt</span> 
     </span>
     <span class='ocr_line' id='line_1_26' title="bbox 94 2553 1192 2636; baseline 0 -20"><span class='ocrx_word' id='word_1_214' title='bbox 94 2558 145 2616; x_wconf 80' lang='lat' dir='ltr'>ad</span> <span class='ocrx_word' id='word_1_215' title='bbox 157 2555 368 2636; x_wconf 79' lang='lat' dir='ltr'>perfectionem</span> <span class='ocrx_word' id='word_1_216' title='bbox 380 2555 464 2614; x_wconf 91' lang='lat' dir='ltr'>illam</span> <span class='ocrx_word' id='word_1_217' title='bbox 478 2575 555 2635; x_wconf 88' lang='lat' dir='ltr'>quae</span> <span class='ocrx_word' id='word_1_218' title='bbox 566 2553 698 2632; x_wconf 83' lang='lat' dir='ltr'>Augusti</span> <span class='ocrx_word' id='word_1_219' title='bbox 710 2563 840 2635; x_wconf 91' lang='lat' dir='ltr'>tempore</span> <span class='ocrx_word' id='word_1_220' title='bbox 853 2555 999 2635; x_wconf 89' lang='lat' dir='ltr'>adparuit,</span> <span class='ocrx_word' id='word_1_221' title='bbox 1015 2559 1192 2616; x_wconf 89' lang='lat' dir='ltr'>continetur-</span> 
     </span>
     <span class='ocr_line' id='line_1_27' title="bbox 104 2640 1191 2720; baseline -0.001 -19"><span class='ocrx_word' id='word_1_222' title='bbox 104 2661 165 2720; x_wconf 91' lang='lat' dir='ltr'>que</span> <span class='ocrx_word' id='word_1_223' title='bbox 182 2661 218 2701; x_wconf 87' lang='lat' dir='ltr'>ea</span> <span class='ocrx_word' id='word_1_224' title='bbox 235 2660 267 2702; x_wconf 91' lang='lat' dir='ltr'>re</span> <span class='ocrx_word' id='word_1_225' title='bbox 283 2640 449 2720; x_wconf 87' lang='lat' dir='ltr'>principale</span> <span class='ocrx_word' id='word_1_226' title='bbox 465 2644 555 2700; x_wconf 90' lang='lat' dir='ltr'>totius</span> <span class='ocrx_word' id='word_1_227' title='bbox 569 2641 685 2700; x_wconf 90' lang='lat' dir='ltr'>scholae</span> <span class='ocrx_word' id='word_1_228' title='bbox 699 2640 884 2702; x_wconf 78' lang='lat' dir='ltr'>Catonianae</span> <span class='ocrx_word' id='word_1_229' title='bbox 901 2640 938 2700; x_wconf 88' lang='lat' dir='ltr'>de</span> <span class='ocrx_word' id='word_1_230' title='bbox 954 2641 1060 2700; x_wconf 90' lang='lat' dir='ltr'>litteris</span> <span class='ocrx_word' id='word_1_231' title='bbox 1073 2641 1191 2700; x_wconf 89' lang='lat' dir='ltr'>Latinis</span> 
     </span>
     <span class='ocr_line' id='line_1_28' title="bbox 103 2725 1188 2806; baseline -0.002 -20"><span class='ocrx_word' id='word_1_232' title='bbox 103 2729 252 2786; x_wconf 89' lang='lat' dir='ltr'>meritum.</span> <span class='ocrx_word' id='word_1_233' title='bbox 286 2729 347 2785; x_wconf 88' lang='lat' dir='ltr'>iam</span> <span class='ocrx_word' id='word_1_234' title='bbox 369 2729 580 2805; x_wconf 89' lang='lat' dir='ltr'>siquaerimus</span> <span class='ocrx_word' id='word_1_235' title='bbox 598 2725 670 2804; x_wconf 89' lang='lat' dir='ltr'>quid</span> <span class='ocrx_word' id='word_1_236' title='bbox 691 2726 829 2806; x_wconf 90' lang='lat' dir='ltr'>aequales</span> <span class='ocrx_word' id='word_1_237' title='bbox 847 2725 884 2786; x_wconf 90' lang='lat' dir='ltr'>de</span> <span class='ocrx_word' id='word_1_238' title='bbox 906 2727 962 2784; x_wconf 88' lang='lat' dir='ltr'>hac</span> <span class='ocrx_word' id='word_1_239' title='bbox 979 2733 1059 2786; x_wconf 88' lang='lat' dir='ltr'>secta</span> <span class='ocrx_word' id='word_1_240' title='bbox 1079 2725 1188 2786; x_wconf 89' lang='lat' dir='ltr'>iudica·</span> 
     </span>
     <span class='ocr_line' id='line_1_29' title="bbox 104 2809 1191 2890; baseline -0.001 -19"><span class='ocrx_word' id='word_1_241' title='bbox 104 2814 211 2884; x_wconf 88' lang='lat' dir='ltr'>verint,</span> <span class='ocrx_word' id='word_1_242' title='bbox 229 2815 263 2870; x_wconf 92' lang='lat' dir='ltr'>in</span> <span class='ocrx_word' id='word_1_243' title='bbox 280 2809 411 2869; x_wconf 88' lang='lat' dir='ltr'>diversas</span> <span class='ocrx_word' id='word_1_244' title='bbox 429 2828 478 2870; x_wconf 89' lang='lat' dir='ltr'>eos</span> <span class='ocrx_word' id='word_1_245' title='bbox 496 2814 657 2870; x_wconf 89' lang='lat' dir='ltr'>sententias</span> <span class='ocrx_word' id='word_1_246' title='bbox 676 2809 844 2872; x_wconf 89' lang='lat' dir='ltr'>discessisse</span> <span class='ocrx_word' id='word_1_247' title='bbox 860 2814 1029 2890; x_wconf 89' lang='lat' dir='ltr'>reperimus.</span> <span class='ocrx_word' id='word_1_248' title='bbox 1060 2831 1121 2869; x_wconf 92' lang='lat' dir='ltr'>non</span> <span class='ocrx_word' id='word_1_249' title='bbox 1143 2809 1191 2870; x_wconf 91' lang='lat' dir='ltr'>de·</span> 
     </span>
     <span class='ocr_line' id='line_1_30' title="bbox 103 2895 1192 2973; baseline -0.003 -18"><span class='ocrx_word' id='word_1_250' title='bbox 103 2904 192 2956; x_wconf 91' lang='lat' dir='ltr'>erant</span> <span class='ocrx_word' id='word_1_251' title='bbox 213 2895 343 2954; x_wconf 87' lang='lat' dir='ltr'>fautores</span> <span class='ocrx_word' id='word_1_252' title='bbox 364 2913 461 2954; x_wconf 88' lang='lat' dir='ltr'>novae</span> <span class='ocrx_word' id='word_1_253' title='bbox 481 2899 605 2954; x_wconf 88' lang='lat' dir='ltr'>rationis</span> <span class='ocrx_word' id='word_1_254' title='bbox 626 2899 704 2956; x_wconf 91' lang='lat' dir='ltr'>inter</span> <span class='ocrx_word' id='word_1_255' title='bbox 725 2899 805 2955; x_wconf 89' lang='lat' dir='ltr'>viros</span> <span class='ocrx_word' id='word_1_256' title='bbox 826 2896 931 2956; x_wconf 92' lang='lat' dir='ltr'>horum</span> <span class='ocrx_word' id='word_1_257' title='bbox 951 2903 1117 2973; x_wconf 90' lang='lat' dir='ltr'>temporum</span> <span class='ocrx_word' id='word_1_258' title='bbox 1133 2897 1192 2972; x_wconf 87' lang='lat' dir='ltr'>pri-</span> 
     </span>
     <span class='ocr_line' id='line_1_31' title="bbox 103 2976 1191 3054; baseline -0.003 -14"><span class='ocrx_word' id='word_1_259' title='bbox 103 2983 221 3040; x_wconf 91' lang='lat' dir='ltr'>marios.</span> <span class='ocrx_word' id='word_1_260' title='bbox 256 2980 449 3038; x_wconf 90' lang='lat' dir='ltr'>Hortensium</span> <span class='ocrx_word' id='word_1_261' title='bbox 468 2976 605 3039; x_wconf 88' lang='lat' dir='ltr'>Ortalum</span> <span class='ocrx_word' id='word_1_262' title='bbox 626 2987 770 3040; x_wconf 88' lang='lat' dir='ltr'>oratorem</span> <span class='ocrx_word' id='word_1_263' title='bbox 792 2999 811 3038; x_wconf 88' lang='lat' dir='ltr'>a</span> <span class='ocrx_word' id='word_1_264' title='bbox 828 2979 946 3039; x_wconf 90' lang='lat' dir='ltr'>Catullo</span> <span class='ocrx_word' id='word_1_265' title='bbox 968 2977 1078 3054; x_wconf 84' lang='lat' dir='ltr'>elegias</span> <span class='ocrx_word' id='word_1_266' title='bbox 1101 2976 1191 3037; x_wconf 85' lang='lat' dir='ltr'>Calli-</span> 
     </span>
     <span class='ocr_line' id='line_1_32' title="bbox 103 3061 1192 3143; baseline -0.002 -19"><span class='ocrx_word' id='word_1_267' title='bbox 103 3065 236 3124; x_wconf 88' lang='lat' dir='ltr'>machiae</span> <span class='ocrx_word' id='word_1_268' title='bbox 268 3066 302 3122; x_wconf 91' lang='lat' dir='ltr'>in</span> <span class='ocrx_word' id='word_1_269' title='bbox 333 3061 476 3122; x_wconf 87' lang='lat' dir='ltr'>Latinum</span> <span class='ocrx_word' id='word_1_270' title='bbox 506 3082 670 3123; x_wconf 91' lang='lat' dir='ltr'>sermonem</span> <span class='ocrx_word' id='word_1_271' title='bbox 704 3081 859 3124; x_wconf 85' lang='lat' dir='ltr'>conversas</span> <span class='ocrx_word' id='word_1_272' title='bbox 895 3066 1073 3141; x_wconf 82' lang='lat' dir='ltr'>expetivisse</span> <span class='ocrx_word' id='word_1_273' title='bbox 1102 3083 1192 3143; x_wconf 90' lang='lat' dir='ltr'>supra</span> 
     </span>
     <span class='ocr_line' id='line_1_33' title="bbox 102 3147 1192 3226; baseline -0.001 -17"><span class='ocrx_word' id='word_1_274' title='bbox 102 3149 242 3219; x_wconf 88' lang='lat' dir='ltr'>vidimus,</span> <span class='ocrx_word' id='word_1_275' title='bbox 269 3151 425 3226; x_wconf 88' lang='lat' dir='ltr'>ipsumque</span> <span class='ocrx_word' id='word_1_276' title='bbox 450 3147 529 3206; x_wconf 91' lang='lat' dir='ltr'>horis</span> <span class='ocrx_word' id='word_1_277' title='bbox 556 3149 717 3208; x_wconf 89' lang='lat' dir='ltr'>subsecivis</span> <span class='ocrx_word' id='word_1_278' title='bbox 739 3151 870 3207; x_wconf 81' lang='lat' dir='ltr'>carmina</span> <span class='ocrx_word' id='word_1_279' title='bbox 897 3149 1039 3207; x_wconf 90' lang='lat' dir='ltr'>amatoria</span> <span class='ocrx_word' id='word_1_280' title='bbox 1059 3147 1192 3209; x_wconf 84' lang='lat' dir='ltr'>Alexan·</span> 
     </span>
     <span class='ocr_line' id='line_1_34' title="bbox 100 3230 1191 3312; baseline -0.001 -17"><span class='ocrx_word' id='word_1_281' title='bbox 100 3235 191 3295; x_wconf 86' lang='lat' dir='ltr'>drino</span> <span class='ocrx_word' id='word_1_282' title='bbox 210 3233 276 3294; x_wconf 91' lang='lat' dir='ltr'>stilo</span> <span class='ocrx_word' id='word_1_283' title='bbox 295 3235 447 3312; x_wconf 86' lang='lat' dir='ltr'>scripsisse</span> <span class='ocrx_word' id='word_1_284' title='bbox 465 3230 591 3293; x_wconf 87' lang='lat' dir='ltr'>Ovidius</span> <span class='ocrx_word' id='word_1_285' title='bbox 614 3234 696 3293; x_wconf 86' lang='lat' dir='ltr'>testis</span> <span class='ocrx_word' id='word_1_286' title='bbox 719 3240 770 3306; x_wconf 91' lang='lat' dir='ltr'>est,</span> <span class='ocrx_word' id='word_1_287' title='bbox 795 3253 861 3292; x_wconf 90' lang='lat' dir='ltr'>cum</span> <span class='ocrx_word' id='word_1_288' title='bbox 883 3236 1027 3293; x_wconf 89' lang='lat' dir='ltr'>intereos</span> <span class='ocrx_word' id='word_1_289' title='bbox 1048 3236 1100 3312; x_wconf 92' lang='lat' dir='ltr'>qui</span> <span class='ocrx_word' id='word_1_290' title='bbox 1122 3241 1191 3294; x_wconf 87' lang='lat' dir='ltr'>ante</span> 
     </span>
     <span class='ocr_line' id='line_1_35' title="bbox 103 3317 1191 3397; baseline -0.003 -17"><span class='ocrx_word' id='word_1_291' title='bbox 103 3339 136 3380; x_wconf 90' lang='lat' dir='ltr'>se</span> <span class='ocrx_word' id='word_1_292' title='bbox 159 3339 273 3379; x_wconf 89' lang='lat' dir='ltr'>amores</span> <span class='ocrx_word' id='word_1_293' title='bbox 295 3321 456 3378; x_wconf 89' lang='lat' dir='ltr'>cecinerint</span> <span class='ocrx_word' id='word_1_294' title='bbox 472 3317 666 3379; x_wconf 90' lang='lat' dir='ltr'>Hortensium</span> <span class='ocrx_word' id='word_1_295' title='bbox 686 3337 803 3397; x_wconf 90' lang='lat' dir='ltr'>quoque</span> <span class='ocrx_word' id='word_1_296' title='bbox 823 3317 925 3377; x_wconf 92' lang='lat' dir='ltr'>laudet</span> <span class='ocrx_word' id='word_1_297' title='bbox 946 3338 1007 3377; x_wconf 90' lang='lat' dir='ltr'>una</span> <span class='ocrx_word' id='word_1_298' title='bbox 1028 3338 1096 3378; x_wconf 92' lang='lat' dir='ltr'>cum</span> <span class='ocrx_word' id='word_1_299' title='bbox 1117 3318 1191 3378; x_wconf 88' lang='lat' dir='ltr'>Var-</span> 
     </span>
     <span class='ocr_line' id='line_1_36' title="bbox 90 3401 1191 3482; baseline -0.001 -17"><span class='ocrx_word' id='word_1_300' title='bbox 90 3425 177 3465; x_wconf 79' lang='lat' dir='ltr'>rone</span> <span class='ocrx_word' id='word_1_301' title='bbox 196 3405 334 3477; x_wconf 83' lang='lat' dir='ltr'>Atacino,</span> <span class='ocrx_word' id='word_1_302' title='bbox 358 3401 479 3477; x_wconf 91' lang='lat' dir='ltr'>Catone,</span> <span class='ocrx_word' id='word_1_303' title='bbox 503 3401 671 3476; x_wconf 89' lang='lat' dir='ltr'>Cornificio,</span> <span class='ocrx_word' id='word_1_304' title='bbox 699 3403 799 3464; x_wconf 80' lang='lat' dir='ltr'>Cinna</span> <span class='ocrx_word' id='word_1_305' title='bbox 819 3410 908 3482; x_wconf 88' lang='lat' dir='ltr'>atque</span> <span class='ocrx_word' id='word_1_306' title='bbox 928 3405 1023 3462; x_wconf 85' lang='lat' dir='ltr'>sociis.</span> <span class='ocrx_word' id='word_1_307' title='bbox 1058 3403 1137 3464; x_wconf 91' lang='lat' dir='ltr'>idem</span> <span class='ocrx_word' id='word_1_308' title='bbox 1156 3407 1191 3464; x_wconf 90' lang='lat' dir='ltr'>in</span> 
     </span>
     <span class='ocr_line' id='line_1_37' title="bbox 102 3487 1189 3568; baseline -0.002 -17"><span class='ocrx_word' id='word_1_309' title='bbox 102 3490 139 3551; x_wconf 87' lang='lat' dir='ltr'>C.</span> <span class='ocrx_word' id='word_1_310' title='bbox 153 3491 326 3550; x_wconf 90' lang='lat' dir='ltr'>Memmium</span> <span class='ocrx_word' id='word_1_311' title='bbox 344 3487 432 3561; x_wconf 92' lang='lat' dir='ltr'>cadit,</span> <span class='ocrx_word' id='word_1_312' title='bbox 451 3490 534 3548; x_wconf 89' lang='lat' dir='ltr'>cuius</span> <span class='ocrx_word' id='word_1_313' title='bbox 551 3495 754 3568; x_wconf 88' lang='lat' dir='ltr'>poematorum</span> <span class='ocrx_word' id='word_1_314' title='bbox 766 3487 894 3549; x_wconf 82' lang='lat' dir='ltr'>Ovidius</span> <span class='ocrx_word' id='word_1_315' title='bbox 912 3488 1014 3548; x_wconf 91' lang='lat' dir='ltr'>eodem</span> <span class='ocrx_word' id='word_1_316' title='bbox 1030 3488 1096 3549; x_wconf 90' lang='lat' dir='ltr'>loeo</span> <span class='ocrx_word' id='word_1_317' title='bbox 1109 3509 1189 3550; x_wconf 91' lang='lat' dir='ltr'>men·</span> 
     </span>
     <span class='ocr_line' id='line_1_38' title="bbox 102 3572 1191 3654; baseline 0 -20"><span class='ocrx_word' id='word_1_318' title='bbox 102 3578 215 3635; x_wconf 89' lang='lat' dir='ltr'>tionem</span> <span class='ocrx_word' id='word_1_319' title='bbox 232 3574 313 3644; x_wconf 85' lang='lat' dir='ltr'>facit,</span> <span class='ocrx_word' id='word_1_320' title='bbox 332 3592 486 3653; x_wconf 88' lang='lat' dir='ltr'>quemque,</span> <span class='ocrx_word' id='word_1_321' title='bbox 506 3594 573 3633; x_wconf 92' lang='lat' dir='ltr'>cum</span> <span class='ocrx_word' id='word_1_322' title='bbox 590 3572 629 3635; x_wconf 89' lang='lat' dir='ltr'>ad</span> <span class='ocrx_word' id='word_1_323' title='bbox 643 3572 805 3650; x_wconf 88' lang='lat' dir='ltr'>regendam</span> <span class='ocrx_word' id='word_1_324' title='bbox 818 3573 992 3653; x_wconf 89' lang='lat' dir='ltr'>Bithyniam</span> <span class='ocrx_word' id='word_1_325' title='bbox 1007 3577 1191 3654; x_wconf 85' lang='lat' dir='ltr'>provinciam</span> 
     </span>
     <span class='ocr_line' id='line_1_39' title="bbox 104 3657 1191 3733; baseline -0.002 -13"><span class='ocrx_word' id='word_1_326' title='bbox 104 3660 213 3733; x_wconf 89' lang='lat' dir='ltr'>abiret,</span> <span class='ocrx_word' id='word_1_327' title='bbox 246 3659 398 3720; x_wconf 87' lang='lat' dir='ltr'>Catullum</span> <span class='ocrx_word' id='word_1_328' title='bbox 428 3668 458 3718; x_wconf 91' lang='lat' dir='ltr'>et</span> <span class='ocrx_word' id='word_1_329' title='bbox 483 3657 611 3718; x_wconf 90' lang='lat' dir='ltr'>Cinnam</span> <span class='ocrx_word' id='word_1_330' title='bbox 638 3677 738 3718; x_wconf 86' lang='lat' dir='ltr'>secum</span> <span class='ocrx_word' id='word_1_331' title='bbox 764 3657 884 3718; x_wconf 86' lang='lat' dir='ltr'>duxisse</span> <span class='ocrx_word' id='word_1_332' title='bbox 913 3661 1028 3720; x_wconf 90' lang='lat' dir='ltr'>scimus.</span> <span class='ocrx_word' id='word_1_333' title='bbox 1069 3679 1191 3719; x_wconf 91' lang='lat' dir='ltr'>consen-</span> 
     </span>
     <span class='ocr_line' id='line_1_40' title="bbox 102 3744 1192 3824; baseline 0 -20"><span class='ocrx_word' id='word_1_334' title='bbox 102 3753 282 3824; x_wconf 88' lang='lat' dir='ltr'>taneumque</span> <span class='ocrx_word' id='word_1_335' title='bbox 300 3751 345 3804; x_wconf 88' lang='lat' dir='ltr'>est</span> <span class='ocrx_word' id='word_1_336' title='bbox 362 3747 433 3802; x_wconf 78' lang='lat' dir='ltr'>artis</span> <span class='ocrx_word' id='word_1_337' title='bbox 453 3746 690 3823; x_wconf 81' lang='lat' dir='ltr'>progressionem</span> <span class='ocrx_word' id='word_1_338' title='bbox 705 3744 831 3803; x_wconf 88' lang='lat' dir='ltr'>libenter</span> <span class='ocrx_word' id='word_1_339' title='bbox 852 3745 1020 3823; x_wconf 86' lang='lat' dir='ltr'>amplexum</span> <span class='ocrx_word' id='word_1_340' title='bbox 1042 3762 1104 3804; x_wconf 87' lang='lat' dir='ltr'>esse</span> <span class='ocrx_word' id='word_1_341' title='bbox 1122 3763 1192 3804; x_wconf 92' lang='lat' dir='ltr'>eum</span> 
     </span>
     <span class='ocr_line' id='line_1_41' title="bbox 104 3828 1191 3909; baseline -0.003 -18"><span class='ocrx_word' id='word_1_342' title='bbox 104 3850 193 3909; x_wconf 87' lang='lat' dir='ltr'>quem</span> <span class='ocrx_word' id='word_1_343' title='bbox 211 3830 315 3891; x_wconf 87' lang='lat' dir='ltr'>Cicero</span> <span class='ocrx_word' id='word_1_344' title='bbox 336 3830 422 3888; x_wconf 91' lang='lat' dir='ltr'>Bruti</span> <span class='ocrx_word' id='word_1_345' title='bbox 446 3828 463 3903; x_wconf 64' lang='grc' dir='ltr'><strong>ἓ</strong></span> <span class='ocrx_word' id='word_1_346' title='bbox 482 3830 543 3890; x_wconf 82' lang='grc'>247</span> <span class='ocrx_word' id='word_1_347' title='bbox 564 3828 728 3909; x_wconf 82' lang='lat' dir='ltr'>perfectum</span> <span class='ocrx_word' id='word_1_348' title='bbox 748 3828 864 3902; x_wconf 88' lang='lat' dir='ltr'>litteris,</span> <span class='ocrx_word' id='word_1_349' title='bbox 887 3829 938 3888; x_wconf 91' lang='lat' dir='ltr'>sed</span> <span class='ocrx_word' id='word_1_350' title='bbox 957 3828 1087 3901; x_wconf 85' lang='lat' dir='ltr'>Graecis,</span> <span class='ocrx_word' id='word_1_351' title='bbox 1109 3830 1191 3888; x_wconf 86' lang='lat' dir='ltr'>fasti·</span> 
     </span>
     <span class='ocr_line' id='line_1_42' title="bbox 104 3913 1191 3991; baseline -0.002 -17"><span class='ocrx_word' id='word_1_352' title='bbox 104 3915 220 3975; x_wconf 91' lang='lat' dir='ltr'>diosum</span> <span class='ocrx_word' id='word_1_353' title='bbox 237 3915 413 3974; x_wconf 87' lang='lat' dir='ltr'>Latinarum</span> <span class='ocrx_word' id='word_1_354' title='bbox 436 3913 514 3974; x_wconf 82' lang='lat' dir='ltr'>dicit</span> <span class='ocrx_word' id='word_1_355' title='bbox 549 3923 581 3972; x_wconf 90' lang='lat' dir='ltr'>at</span> <span class='ocrx_word' id='word_1_356' title='bbox 602 3913 775 3974; x_wconf 78' lang='lat' dir='ltr'>Ciceronem</span> <span class='ocrx_word' id='word_1_357' title='bbox 797 3933 865 3974; x_wconf 91' lang='lat' dir='ltr'>suus</span> <span class='ocrx_word' id='word_1_358' title='bbox 887 3921 1020 3973; x_wconf 87' lang='lat' dir='ltr'>veterum</span> <span class='ocrx_word' id='word_1_359' title='bbox 1039 3921 1191 3991; x_wconf 89' lang='lat' dir='ltr'>poetarum</span> 
     </span>
     <span class='ocr_line' id='line_1_43' title="bbox 104 3998 1191 4080; baseline 0.001 -23"><span class='ocrx_word' id='word_1_360' title='bbox 104 4019 188 4059; x_wconf 92' lang='lat' dir='ltr'>amor</span> <span class='ocrx_word' id='word_1_361' title='bbox 204 4009 293 4080; x_wconf 91' lang='lat' dir='ltr'>atque</span> <span class='ocrx_word' id='word_1_362' title='bbox 310 3998 466 4062; x_wconf 79' lang='lat' dir='ltr'>admiratio</span> <span class='ocrx_word' id='word_1_363' title='bbox 483 3999 655 4079; x_wconf 88' lang='lat' dir='ltr'>inpediebat</span> <span class='ocrx_word' id='word_1_364' title='bbox 671 4019 729 4078; x_wconf 91' lang='lat' dir='ltr'>quo</span> <span class='ocrx_word' id='word_1_365' title='bbox 748 4002 845 4058; x_wconf 90' lang='lat' dir='ltr'>minus</span> <span class='ocrx_word' id='word_1_366' title='bbox 863 4017 991 4077; x_wconf 90' lang='lat' dir='ltr'>aequum</span> <span class='ocrx_word' id='word_1_367' title='bbox 1007 4016 1039 4056; x_wconf 93' lang='lat' dir='ltr'>se</span> <span class='ocrx_word' id='word_1_368' title='bbox 1056 4001 1099 4057; x_wconf 89' lang='lat' dir='ltr'>eis</span> <span class='ocrx_word' id='word_1_369' title='bbox 1115 3998 1191 4058; x_wconf 90' lang='lat' dir='ltr'>iudi-</span> 
     </span>
     <span class='ocr_line' id='line_1_44' title="bbox 104 4082 1191 4165; baseline -0.001 -22"><span class='ocrx_word' id='word_1_370' title='bbox 104 4104 169 4144; x_wconf 91' lang='lat' dir='ltr'>cem</span> <span class='ocrx_word' id='word_1_371' title='bbox 194 4085 350 4164; x_wconf 87' lang='lat' dir='ltr'>praeberet</span> <span class='ocrx_word' id='word_1_372' title='bbox 374 4088 426 4165; x_wconf 91' lang='lat' dir='ltr'>qui</span> <span class='ocrx_word' id='word_1_373' title='bbox 453 4084 490 4144; x_wconf 91' lang='lat' dir='ltr'>ab</span> <span class='ocrx_word' id='word_1_374' title='bbox 513 4084 631 4145; x_wconf 92' lang='lat' dir='ltr'>illorum</span> <span class='ocrx_word' id='word_1_375' title='bbox 653 4082 866 4143; x_wconf 89' lang='lat' dir='ltr'>consuetudine</span> <span class='ocrx_word' id='word_1_376' title='bbox 886 4082 986 4162; x_wconf 90' lang='lat' dir='ltr'>palam</span> <span class='ocrx_word' id='word_1_377' title='bbox 1012 4082 1191 4143; x_wconf 90' lang='lat' dir='ltr'>recederent.</span> 
     </span>
    </p>
   </div>
   <div class='ocr_carea' id='block_1_3' title="bbox 103 4168 1194 4308">
    <p class='ocr_par' dir='ltr' id='par_1_3' title="bbox 103 4168 1194 4308">
     <span class='ocr_line' id='line_1_45' title="bbox 103 4168 1194 4249; baseline -0.001 -20"><span class='ocrx_word' id='word_1_378' title='bbox 103 4189 298 4249; x_wconf 84' lang='lat' dir='ltr'>quamquam,</span> <span class='ocrx_word' id='word_1_379' title='bbox 315 4189 383 4228; x_wconf 90' lang='lat' dir='ltr'>cum</span> <span class='ocrx_word' id='word_1_380' title='bbox 399 4172 464 4248; x_wconf 90' lang='lat' dir='ltr'>ipse</span> <span class='ocrx_word' id='word_1_381' title='bbox 480 4168 607 4230; x_wconf 90' lang='lat' dir='ltr'>solutam</span> <span class='ocrx_word' id='word_1_382' title='bbox 624 4171 788 4230; x_wconf 89' lang='lat' dir='ltr'>orationem</span> <span class='ocrx_word' id='word_1_383' title='bbox 798 4175 882 4227; x_wconf 89' lang='lat' dir='ltr'>tanta</span> <span class='ocrx_word' id='word_1_384' title='bbox 895 4187 961 4226; x_wconf 92' lang='lat' dir='ltr'>cum</span> <span class='ocrx_word' id='word_1_385' title='bbox 975 4168 1136 4230; x_wconf 88' lang='lat' dir='ltr'>subtilitate</span> <span class='ocrx_word' id='word_1_386' title='bbox 1153 4168 1194 4228; x_wconf 89' lang='lat' dir='ltr'>ad</span> 
     </span>
     <span class='ocr_line' id='line_1_46' title="bbox 159 4265 1023 4308; baseline -0.002 -1"><span class='ocrx_word' id='word_1_387' title='bbox 159 4265 258 4308; x_wconf 70' lang='lat' dir='ltr'>cassus·</span> <span class='ocrx_word' id='word_1_388' title='bbox 1003 4265 1023 4305; x_wconf 73' lang='lat' dir='ltr'>n</span> 
     </span>
    </p>
   </div>
   <div class='ocr_carea' id='block_1_4' title="bbox 0 0 1482 4990">
    <p class='ocr_par' dir='ltr' id='par_1_4' title="bbox 0 0 1482 4990">
     <span class='ocr_line' id='line_1_47' title="bbox 0 0 1482 4990; baseline 0 1"><span class='ocrx_word' id='word_1_389' title='bbox 0 0 1482 4990; x_wconf 95' lang='lat' dir='ltr'> </span> 
     </span>
    </p>
   </div>
  </div>
 </body>
</html>
