2968 4990
319 293 365 338 011
753 291 980 335 PROLEGOMBNA

322 410 463 492 praebeat
484 429 573 489 quam
595 408 664 468 olim
684 411 717 468 in
738 407 791 468 illo
813 428 930 489 quoque
946 408 1038 470 fuisse
1056 413 1120 470 veri
1138 411 1232 471 simile
1253 417 1311 472 est
1354 432 1433 472 nam

317 498 491 575 paucissimi
513 495 572 554 loci
598 493 704 573 quibus
726 494 869 572 parvulae
891 493 1035 574 quaedam
1061 516 1180 557 rasurae
1207 499 1303 556 etiam
1335 499 1375 556 in
1402 496 1430 556 Ο

323 580 583 660 deprehenduntur
604 582 749 638 incertum
771 598 789 637 a
811 598 940 659 quonam
962 578 1058 640 iactae
1078 584 1112 640 in
1133 601 1254 641 censum
1276 602 1350 640 non
1376 601 1431 641 ve-

322 669 417 726 niunt.
443 684 540 745 neque
551 682 622 722 vcro
636 667 733 741 ipsum
745 663 832 723 buius
849 663 919 722 libri
937 673 1085 724 auctorem
1102 666 1193 725 verba
1209 669 1244 724 in
1256 667 1286 725 V
1301 667 1431 725 tradita

320 749 470 810 interdum
484 753 545 809 suis
557 751 687 808 inventis
700 748 925 827 interpolavisse
938 749 1133 810 concedimus.
1160 771 1233 832 quas
1248 754 1337 810 enim
1352 753 1429 810 talis

322 838 472 915 opinionis
498 831 659 894 &mandas
687 836 783 910 gratia
804 852 843 893 ex
864 831 891 892 Ο
912 832 1054 894 lectiones
1080 839 1233 913 conposuit
1259 835 1428 896 Rudolfus

322 919 472 998 Sydovius
497 921 530 978 in
557 917 762 978 dissertatione
788 917 840 979 ‘de
864 918 1053 979 recensendis
1075 918 1186 978 Catulli
1212 922 1427 980 carminibus’

321 1004 453 1064 Berolini
471 1023 496 1062 a.
516 1005 596 1062 1881
617 1006 724 1062 emissa
739 1024 768 1082 p.
784 1004 822 1061 36
833 1023 880 1076 ss.,
899 1003 936 1062 do
954 1007 996 1063 eis
1014 1024 1067 1064 nos
1084 1003 1174 1082 longe
1191 1005 1277 1064 aliter
1294 1006 1426 1066 iudica-

320 1109 394 1150 mus.
428 1087 521 1148 vcluti
539 1109 563 1147 c.
580 1087 686 1147 LXIV
702 1108 730 1145 v.
746 1088 816 1161 139,
833 1088 886 1147 ubi
902 1086 1000 1169 Opro
1018 1091 1103 1163 nobis,
1122 1089 1201 1169 quod
1217 1093 1250 1149 in
1269 1090 1300 1150 G
1320 1091 1424 1170 pluri-

321 1176 435 1253 misque
456 1173 635 1253 reliquorum
655 1173 773 1250 legitur,
795 1173 916 1251 praebet
937 1175 1050 1247 blanda,
1074 1193 1138 1234 eam
1160 1177 1343 1253 scripturam
1368 1196 1423 1254 ge·
1481 1249 1482 1254 γ

320 1263 443 1318 nninam
469 1277 532 1318 esse
559 1257 740 1317 confidimus.
779 1257 839 1316 vid
867 1276 942 1337 quae
966 1261 1000 1316 in
1027 1257 1124 1318 adnot
1147 1263 1250 1319 critica
1272 1260 1316 1319 ad
1341 1261 1373 1320 h.
1400 1261 1420 1320 l.

319 1344 457 1404 diximus.
492 1346 646 1402 statuimus
664 1350 763 1402 autem
780 1352 934 1423 utramque
951 1342 1106 1403 lectionem
1120 1347 1152 1403 in
1164 1344 1194 1402 V
1206 1344 1310 1418 fuisse,
1332 1345 1420 1406 unde

319 1429 412 1489 altera
428 1432 462 1488 in
479 1425 516 1500 Ο,
539 1428 631 1487 altera
647 1431 682 1485 in
699 1426 728 1486 G
744 1431 919 1506 perveniret
956 1432 1064 1487 etenim
1081 1428 1190 1488 librum
1207 1428 1244 1503 G,
1269 1434 1330 1490 etsi
1349 1451 1419 1510 per

318 1514 426 1574 multas
448 1512 539 1572 habet
560 1510 692 1590 duplices
714 1515 880 1589 scripturas,
907 1521 1006 1572 tamen
1026 1534 1088 1572 non
1105 1532 1205 1574 omnes
1222 1534 1300 1592 quae
1326 1519 1365 1574 in
1386 1517 1418 1576 V

319 1598 496 1675 legebantur
513 1595 652 1656 exhibere
668 1594 739 1655 inde
757 1596 882 1656 efficitur
896 1597 975 1676 quod
993 1618 1052 1657 uon
1070 1598 1169 1658 nullae
1181 1598 1253 1659 inO
1270 1607 1385 1660 extant
1398 1622 1416 1659 a

320 1682 350 1743 G
372 1681 487 1742 allenae
509 1678 598 1757 (conf.
620 1680 817 1740 Baehrensius
839 1682 950 1760 proleg.
972 1703 1001 1762 p.
1023 1682 1182 1743 XXXVII
1195 1703 1216 1742 s.
1235 1691 1265 1744 et
1290 1705 1352 1746 nos
1380 1689 1414 1745 in

320 1775 376 1826 act.
394 1767 449 1827 litt
467 1767 583 1826 Ienens
601 1765 621 1824 l.
639 1785 663 1824 c.
681 1785 710 1844 p.
726 1762 809 1842 210),
827 1765 964 1846 idemque
980 1767 1050 1826 libri
1066 1769 1272 1841 Bononiensis,
1290 1768 1333 1829 de
1352 1791 1412 1849 quo

317 1852 399 1912 infra
417 1851 555 1923 dicemus,
579 1872 646 1910 cum
663 1849 692 1909 G
710 1860 740 1910 et
757 1849 784 1911 Ο
802 1854 972 1930 conparatio
991 1852 1124 1930 subgerit
1145 1850 1234 1929 (conf.
1253 1853 1410 1932 Sydovius

318 1958 347 2016 p.
367 1938 406 1995 13
417 1934 476 2014 ss).
511 1956 597 2014 porro
620 1935 751 1996 ciusdem
773 1935 877 2016 epyllii
899 1956 926 1995 v.
946 1937 1006 1996 353
1026 1936 1051 1998 0
1070 1958 1185 2012 messor,
1208 1937 1324 1998 chm
1348 1940 1410 2018 ple

308 2026 417 2102 risque
434 2023 629 2082 recentiorum
650 2020 792 2080 librorum
810 2025 899 2079 cultor
917 2022 1046 2100 praebet.
1079 2030 1169 2102 atque
1185 2024 1241 2083 hoc
1258 2028 1410 2102 posterius

317 2128 372 2168 nos
389 2126 506 2188 quoque
523 2125 592 2166 vere
611 2106 811 2166 Catullianum
829 2109 1039 2166 existimamus.
1070 2115 1219 2167 attamen
1240 2107 1319 2167 illud
1338 2130 1408 2168 ows-

317 2213 369 2252 sor
384 2192 467 2252 nullo
484 2191 572 2252 modo
589 2191 742 2270 probabile
760 2199 804 2250 est
822 2191 859 2250 ab
876 2193 940 2270 ipso
958 2192 1028 2252 libri
1041 2189 1069 2251 O
1082 2194 1222 2272 scriptore
1238 2194 1408 2271 profectum

317 2297 390 2338 esse.
427 2276 505 2357 quod
523 2297 590 2336 cum
607 2280 696 2336 ctiam
717 2279 750 2335 in
766 2279 900 2353 margine
917 2275 1026 2336 codicis
1043 2276 1219 2337 Senteniani
1235 2284 1265 2337 et
1282 2281 1315 2336 in
1334 2279 1408 2340 duo·

317 2363 373 2422 bus
389 2361 474 2421 libris
487 2361 641 2421 Ellisianis
655 2368 821 2438 conpareat,
839 2361 1038 2438 colligendum
1051 2370 1095 2421 est
1110 2364 1207 2441 potius
1220 2363 1269 2422 hic
1286 2383 1407 2444 quoque

318 2445 392 2504 duas
415 2450 449 2504 in
469 2447 499 2505 V
519 2445 659 2514 lectiones
685 2445 785 2518 fuisse,
811 2465 935 2525 quarum
959 2449 985 2505 is
1007 2448 1059 2526 qui
1080 2446 1111 2506 G
1131 2450 1266 2506 exaravit
1286 2458 1407 2526 practer

318 2529 561 2590 consuetudinem
578 2550 662 2590 suam
678 2530 800 2590 alteram
817 2538 932 2590 tantum
948 2532 1163 2592 transcriberet.
1189 2540 1319 2592 cetarum
1336 2542 1405 2594 utra

318 2635 420 2676 earum
437 2615 591 2694 archetypi
607 2618 727 2694 propria
744 2615 841 2689 fuerit,
864 2624 930 2676 utra
947 2615 1096 2695 adscripta
1113 2621 1177 2676 sive
1195 2622 1402 2698 superscripta,

318 2719 415 2782 neque
431 2700 487 2760 hoc
507 2699 573 2759 loco
590 2718 687 2780 neque
708 2699 775 2760 aliis
793 2709 872 2760 certo
890 2701 1047 2761 diiudicari
1062 2709 1166 2780 potest.
1202 2723 1271 2762 nam
1288 2702 1320 2761 id
1339 2709 1404 2783 qui-

317 2787 385 2846 dem
407 2789 528 2847 minime
551 2785 738 2844 concedimus
759 2785 839 2864 quod
860 2785 1056 2846 Baehrensius
1078 2787 1187 2865 proleg.
1208 2807 1238 2865 p.
1255 2787 1402 2848 XXXIX

317 2873 375 2932 sibi
392 2873 545 2951 persuasit,
563 2869 633 2931 libri
650 2868 678 2930 O
694 2877 844 2931 auctorem
860 2871 995 2931 lectionis
1012 2872 1155 2932 varietate
1172 2871 1308 2950 neglecta
1324 2874 1402 2932 nihil

316 2961 437 3017 omnino
455 2959 514 3016 nisi
531 2955 610 3036 quod
626 2957 656 3015 V
672 2960 706 3015 in
727 2958 791 3036 ipso
808 2963 893 3016 textu
908 2955 1063 3035 praeberet
1079 2955 1274 3035 descripsisse.
1309 2961 1400 3018 immo

316 3044 369 3122 qui
386 3061 487 3102 omnes
503 3040 584 3101 locos
601 3040 640 3099 ad
658 3059 723 3101 eam
739 3059 802 3100 rem
818 3039 940 3101 idoneos
957 3041 1041 3101 nulla
1056 3049 1243 3120 praesumpta
1261 3044 1401 3121 opinione

316 3129 539 3198 examinaverit,
565 3147 626 3185 non
652 3129 759 3205 poterit
785 3128 858 3204 quin
882 3125 968 3185 illum
991 3145 1109 3206 quoque
1133 3127 1286 3186 librarium
1306 3145 1401 3207 aeque

316 3219 406 3290 atque
423 3230 490 3270 eum
507 3214 558 3292 qui
572 3210 600 3271 G
614 3210 740 3270 confecit
756 3210 905 3270 interdum
922 3209 1084 3290 duplicium
1101 3215 1134 3270 in
1145 3212 1175 3270 V
1191 3215 1400 3291 scripturarum

317 3293 463 3354 delectum
479 3295 618 3355 babuisse
635 3303 753 3369 statuat,
776 3293 855 3376 quod
871 3303 969 3354 tamen
986 3295 1062 3354 nihil
1084 3304 1127 3355 est
1145 3317 1196 3356 cur
1212 3317 1273 3356 non
1288 3303 1400 3356 unum·

317 3398 375 3459 que
391 3379 471 3439 bona
492 3378 552 3439 fide
573 3380 678 3440 fecisse
700 3381 883 3440 arbitremur.
918 3384 961 3440 sic
978 3400 1002 3440 e
1020 3381 1165 3441 XXVIII
1183 3383 1232 3454 11,
1250 3381 1301 3440 ubi
1319 3380 1348 3441 G
1367 3387 1400 3442 in

315 3467 381 3543 ipso
398 3483 486 3524 versu
502 3462 577 3523 falso
591 3485 704 3540 porum,
723 3485 810 3543 super
826 3483 915 3524 versu
930 3473 1009 3525 recte
1023 3468 1094 3542 pari
1110 3463 1168 3539 dat,
1190 3465 1275 3525 illam
1291 3469 1399 3546 princi-

315 3549 413 3630 palem
430 3549 588 3609 lectionem
604 3548 674 3608 libri
690 3550 720 3608 V
737 3549 828 3609 fuisse
845 3558 945 3610 nostro
962 3553 1027 3610 iure
1048 3549 1120 3611 iude
1136 3550 1302 3629 colligimus
1319 3552 1399 3631 quod

314 3643 414 3696 textus
435 3634 505 3695 libri
521 3635 717 3694 Bononiensis
739 3633 863 3694 eandem
884 3638 1057 3695 varietatem
1077 3635 1200 3714 praebet
1221 3637 1277 3695 hoc
1297 3635 1398 3696 modo:

311 3743 417 3798 parum
438 3722 558 3796 alpert,
584 3721 838 3798 recentiorumque
859 3719 992 3779 codicum
1014 3720 1100 3779 multi
1121 3741 1227 3797 param
1249 3721 1397 3783 exhibent.

316 3815 348 3865 at
365 3806 393 3868 O
405 3808 477 3883 pori
492 3811 622 3877 testatur,
645 3807 665 3862 i.
684 3822 708 3864 e.
726 3803 883 3864 lectionem
900 3823 976 3885 quae
993 3809 1026 3864 in
1042 3806 1072 3865 V
1089 3805 1238 3885 adscripta
1253 3805 1349 3865 fuerat
1365 3811 1397 3867 in

315 3892 472 3952 verborum
489 3889 623 3950 ordinem
644 3891 762 3968 recepit.
798 3889 933 3950 similiter
950 3911 974 3949 c.
992 3890 1019 3948 L
1038 3891 1087 3963 13,
1110 3898 1143 3949 ut
1160 3890 1286 3950 altarum
1303 3910 1397 3951 exem·

315 3977 398 4054 plum
420 3976 560 4049 adferam,
588 3982 618 4035 et
641 3974 670 4035 G
692 3982 721 4034 et
741 3974 937 4035 Bononiensis
959 3975 1036 4035 hanc
1059 3974 1205 4054 duplicem
1227 3979 1396 4055 scripturam

313 4064 348 4120 in
373 4065 438 4141 ipso
464 4069 548 4121 textu
573 4061 697 4121 habent:
725 4079 828 4120 omnem
849 4063 989 4120 alacrem.
1033 4067 1063 4120 et
1082 4068 1179 4141 potest
1198 4060 1279 4121 idem
1296 4061 1396 4122 eodem
