2954 4990
522 397 754 442 Paenueotturta'
1090 399 1185 448 xxxix

93 535 162 575 raro
180 523 209 575 et
225 517 421 595 pater·caruit
438 535 535 595 neque
552 516 631 578 filius
648 516 699 576 ille
716 537 778 577 non
795 518 923 578 caruisse
945 524 1048 597 potest.
1085 520 1136 597 qui
1159 519 1184 574 si

96 619 131 660 eo
149 621 218 660 usus
236 609 319 674 esset,
338 603 392 662 vix
408 603 440 660 in
458 609 557 662 nostro
575 603 706 661 carmine
723 604 766 662 sic
783 604 828 660 uti
845 602 879 663 fit
896 623 915 661 a
931 602 1023 662 fratre
1040 602 1184 679 distingui

95 688 199 763 potuit.
238 685 485 766 quemadmodum
516 695 614 747 autem
645 687 741 747 Pollio
773 694 870 748 orator
899 688 961 746 filio
992 690 1120 747 maximo
1151 689 1184 746 in

95 769 198 830 Gallia
215 771 360 852 cisalpina
376 781 446 831 nato
463 771 520 831 hac
538 790 624 832 exre
647 792 810 849 cognomen
828 771 916 834 Gallo
938 774 1070 851 inposuit
1093 771 1183 847 (conf.

95 855 289 918 Drumannus
306 857 348 930 II,
367 878 394 936 p.
415 853 476 930 12),
498 859 542 916 ita
561 855 654 917 frater
675 861 798 918 oratoris
820 875 906 918 suum
928 877 1093 935 cognomen
1114 857 1185 918 inde

95 943 244 1020 acceperit
269 941 357 1021 quod,
384 944 556 1020 priusquam
582 949 667 1020 pater
691 943 788 1017 Teati,
815 943 1053 1005 Marrucinorum
1079 945 1183 1022 capite,

95 1026 222 1086 Romam
239 1029 434 1104 migravisset,
456 1029 489 1088 in
510 1027 606 1087 lucem
629 1026 725 1086 editus
748 1035 831 1088 esset.
867 1046 954 1107 quem
976 1028 1072 1087 filium
1093 1028 1186 1088 fuisse

95 1119 170 1168 natu
196 1113 336 1174 maiorem
359 1131 397 1187 er
419 1131 453 1172 eo
478 1111 550 1172 licet
574 1111 715 1190 colligere
736 1112 817 1193 quod
837 1112 968 1171 Pollioni
988 1115 1080 1192 patris
1102 1133 1186 1193 prae-

95 1214 206 1255 nomen
227 1216 288 1256 non
314 1205 384 1270 erat,
411 1197 549 1276 idemque
576 1199 665 1256 etiam
689 1216 743 1276 per
765 1196 916 1256 Catullum
942 1197 1071 1276 quodam
1097 1199 1185 1259 modo

97 1281 297 1354 confirmatur,
321 1284 373 1360 qui
389 1303 418 1342 v.
438 1283 456 1340 9
474 1281 642 1341 Pollionem
659 1301 784 1361 puerum
805 1288 899 1344 vocat.
933 1283 1074 1342 Asinium
1095 1285 1187 1360 igitur

96 1367 186 1424 istum
203 1366 407 1431 Marrucinum
428 1374 516 1445 poete
532 1387 625 1427 unum
642 1385 658 1426 e
676 1367 801 1428 sudariis
819 1366 954 1428 Saetabis
972 1388 991 1426 a
1007 1368 1135 1427 Fabullo
1158 1377 1188 1428 et

96 1451 228 1510 Veranio
256 1470 293 1510 ex
319 1452 468 1531 Hispania
493 1451 551 1511 sibi
577 1451 655 1511 dono
681 1455 778 1512 missis
805 1454 980 1530 surripuisse
1006 1455 1187 1516 criminatur.

95 1535 179 1594 unde
196 1556 255 1614 quo
272 1536 333 1596 fere
350 1544 482 1616 tempore
500 1557 523 1596 c.
541 1538 608 1596 XII
630 1539 770 1616 scrIptum
788 1539 827 1597 sit
848 1537 921 1598 mihi
938 1537 1042 1597 videor
1064 1537 1187 1599 definire

95 1637 192 1699 posse.
224 1620 276 1681 sed
292 1621 366 1682 haec
383 1624 516 1701 quaestio
535 1621 699 1682 differenda
717 1630 769 1696 est,
788 1621 882 1682 donec
900 1621 939 1681 ad
956 1621 1030 1682 duos
1047 1623 1113 1684 illos
1133 1623 1188 1684 Ca-

96 1704 167 1763 tulli
188 1707 297 1766 amicos
320 1725 478 1786 eorumque
499 1708 532 1766 in
549 1707 699 1787 Hispania
720 1707 988 1787 peregrinationem
1010 1707 1187 1787 disputando

96 1809 268 1868 progressus
299 1810 356 1852 ero.
383 1823 426 1834 -
453 1795 576 1852 carmini
601 1793 667 1852 XII
697 1801 870 1870 argumento
900 1793 1063 1871 persimile,
1095 1795 1187 1854 multo

97 1883 197 1934 autem
215 1875 266 1934 illo
284 1878 418 1937 acerbius
435 1877 530 1938 XXV
548 1885 600 1951 est,
622 1880 655 1937 in
673 1897 732 1957 quo
751 1877 854 1936 Thalli
871 1877 1024 1938 cuiusdam
1041 1881 1188 1957 rapacitas

97 1962 275 2037 exagitatur.
314 1970 403 2041 atque
437 1962 494 2022 hoc
525 1963 579 2022 sub
615 1966 733 2022 nomiue
764 1962 891 2022 eundem
921 1962 1060 2023 Asinium
1095 1963 1188 2024 latere

97 2046 249 2106 Brunerus
266 2067 295 2125 p.
315 2049 376 2106 637
395 2047 466 2108 inde
484 2047 685 2124 colligendum
703 2065 767 2107 esse
784 2047 943 2106 arbitratur
959 2047 1039 2126 quod
1053 2046 1189 2107 Catullus

97 2130 240 2189 Thallum
249 2151 402 2212 quoquev.
414 2135 568 2212 Isurrepti
582 2133 640 2192 sibi
652 2132 763 2192 sudarii
773 2132 893 2192 saetabi
905 2134 1034 2192 incuset:
1047 2151 1189 2211 peragere

95 2217 191 2292 igitur
208 2225 324 2294 poetam
342 2217 399 2277 hoc
415 2219 546 2277 carmine
564 2217 643 2297 quod
661 2236 692 2276 se
710 2238 734 2276 c.
752 2217 820 2278 XII
839 2219 879 2275 10
893 2236 925 2291 a,
944 2219 970 2280 si
986 2218 1110 2276 linteum
1128 2238 1190 2279 non

98 2303 304 2374 remitteretur,
326 2301 473 2362 iacturum
491 2321 555 2362 esse
571 2305 701 2362 minatus
720 2304 765 2374 sit,
788 2301 840 2362 sed
857 2302 895 2362 ob
919 2301 1108 2363 acerbitatem
1125 2322 1191 2364 ver.-

98 2405 186 2446 euum
212 2388 245 2444 in
270 2386 391 2446 fratrem
416 2387 561 2448 Pollionis
587 2387 662 2447 falso
689 2389 809 2447 nomine
835 2386 976 2448 adhibito.
1012 2406 1128 2461 verum,
1156 2396 1191 2450 ut

98 2473 233 2530 omittam
260 2471 339 2551 quod
361 2472 504 2546 Catullus,
532 2492 598 2533 cum
619 2471 726 2532 Asinio
747 2472 1011 2552 hendecasyllabos
1035 2472 1190 2534 denuntia·

97 2557 185 2628 verit,
212 2557 353 2616 Thallum
374 2559 481 2618 iambis
507 2561 676 2631 insectatur,
704 2565 734 2618 at
759 2559 839 2618 hunc
861 2557 981 2637 quidem
1007 2578 1068 2618 non
1094 2559 1190 2618 solum

98 2640 251 2700 sudarium
270 2643 438 2715 Saetabum,
461 2643 513 2703 sed
531 2647 620 2704 etiam
637 2643 762 2723 pallium
784 2644 1038 2722 catagraphosque
1054 2644 1189 2722 Thynos,

99 2725 138 2785 de
156 2727 263 2805 quIbus
281 2730 314 2787 in
327 2748 351 2788 c.
364 2728 431 2788 XII
449 2728 525 2788 nihil
541 2729 631 2808 plane
648 2729 783 2806 legimus,
802 2728 859 2788 sibi
872 2729 1002 2789 furatum
1015 2747 1079 2788 esse
1094 2730 1190 2788 crimi-

98 2820 196 2871 netur.
231 2812 312 2892 quod
329 2833 397 2873 eum
414 2815 457 2872 ita
474 2817 519 2887 eit,
543 2823 673 2893 praestat
691 2814 825 2874 confiteri
842 2813 985 2873 Thallum
1002 2813 1087 2874 nobis
1106 2816 1190 2890 igno-

97 2905 164 2956 tum
187 2917 259 2957 esse.
293 2918 363 2956 nam
386 2898 535 2958 Schwabii
556 2920 585 2978 p.
610 2900 669 2956 149
690 2918 726 2959 ss.
750 2901 863 2977 opinio,
887 2901 939 2977 qui
962 2899 1133 2957 Iuventium
1155 2917 1190 2958 eo

96 2983 222 3042 nomine
239 2982 439 3057 significatum
461 3002 524 3043 esse
546 2986 680 3056 coniecit,
703 2984 795 3043 multo
817 2985 916 3042 minus
933 2985 1023 3042 etIam
1046 3001 1191 3044 commen·

97 3066 230 3126 dationis
248 3067 345 3126 habet.
380 3086 479 3146 neque
500 3077 543 3128 est
565 3071 684 3127 omnino
703 3089 755 3127 cur
776 3066 814 3126 de
835 3067 904 3126 ficto
925 3069 1132 3146 potiusquam
1154 3067 1191 3128 de

99 3170 173 3210 vero
199 3153 319 3211 nomine
342 3154 512 3229 cogitemus.
548 3151 625 3212 coni.
647 3152 770 3212 Ellisius
793 3159 947 3212 comment.
969 3172 997 3231 p.
1022 3153 1061 3210 65
1081 3173 1111 3226 s,
1138 3153 1192 3213 ubi

99 3244 218 3316 practer
242 3235 334 3315 Apul.
362 3236 438 3315 apol.
466 3238 506 3296 43
535 3244 565 3297 et
590 3240 631 3297 44
657 3239 747 3297 ctiam
771 3239 978 3316 inscriptiones
1003 3258 1065 3297 non
1091 3239 1191 3298 nullae

98 3341 211 3381 nornen
224 3321 327 3381 Thalli
340 3325 525 3383 continentes
539 3322 720 3396 adferuntur,
739 3322 856 3401 quibus,
874 3323 901 3382 si
914 3342 986 3403 opus
1001 3330 1084 3398 esset,
1102 3323 1191 3384 facile

101 3407 179 3466 aliae
197 3407 252 3466 vel'
268 3427 305 3467 ex
324 3407 425 3467 Gallia
447 3407 592 3486 cisalpina
615 3405 685 3466 addi
707 3415 849 3486 poterant.
885 3425 923 3467 ex
946 3409 1191 3486 catagraphorum

98 3500 202 3552 autem
219 3492 396 3570 ssynorum
417 3495 694 3554 commemoratione
715 3495 780 3552 iure
802 3492 952 3570 coIIIgitur
973 3513 997 3554 c.
1015 3495 1107 3554 XXV
1129 3515 1191 3554 non

101 3585 171 3636 ante
197 3597 309 3636 aunum
336 3573 451 3658 698l56
477 3579 540 3638 fere
566 3577 697 3638 medium
723 3581 864 3656 scriptum
890 3596 965 3653 esse,
993 3578 1112 3659 quando
1138 3581 1192 3638 vix

102 3661 233 3721 dubitari
257 3671 355 3741 potest
380 3666 454 3742 quin
481 3662 615 3724 Catullus
642 3664 709 3724 illos
735 3683 751 3723 e
777 3663 921 3743 Bithynia
947 3683 1046 3724 secum
1072 3663 1192 3722 domum

100 3746 240 3806 attulerit
277 3748 459 3829 eandemque
482 3750 708 3823 conclusionem,
730 3756 764 3808 ut
785 3748 864 3808 infra
881 3748 1057 3820 videbimus,
1080 3747 1193 3807 sudarii

101 3831 225 3892 Saetabi
242 3851 359 3913 quoque
376 3836 485 3894 mentio
504 3834 618 3893 subicit

166 3917 310 3977 Eiusdem
327 3922 443 3994 generis
466 3921 645 3979 carminibus
667 3939 728 3978 non
748 3937 852 3979 vereor
874 3921 962 3978 etiam
981 3938 1005 3976 o.
1023 3917 1131 3976 XLIX
1153 3916 1192 3976 ad

101 4001 144 4060 M.
168 4003 303 4062 Tullium
325 4003 498 4065 Ciceronem
523 4005 645 4063 missum
671 4003 873 4064 adnumerare.
908 4001 989 4081 quod
1014 4021 1081 4061 cum
1103 4007 1192 4062 antea

102 4089 146 4144 ita
162 4087 379 4149 intellexissent
395 4097 429 4148 ut
449 4097 567 4167 poetam
585 4092 695 4148 oratori
712 4091 786 4149 serio
809 4089 920 4166 gratias
938 4106 1026 4164 agere
1043 4094 1190 4166 putarent,

103 4169 140 4231 Ο.
158 4172 342 4233 Ribbeckius
363 4174 459 4235 libelli
480 4173 517 4233 de
536 4172 652 4234 Catullo
675 4195 703 4254 p.
722 4175 762 4233 22
781 4181 810 4235 et
828 4172 867 4230 52
882 4191 903 4232 s.
926 4174 1080 4232 rectiorem
1101 4175 1192 4234 inter·
