2954 4990
550 376 779 421 monadorum·
1133 373 1211 418 XXIII

123 470 228 576 captos
244 497 371 557 tenuerit
388 491 478 569 (conf.
497 489 562 556 oie.
576 517 604 576 p.
623 494 703 556 Cael.
722 495 740 571 §
758 492 833 572 67)?
858 513 914 555 666
930 493 1024 554 multo
1040 500 1110 553 6666
1131 513 1211 553 ama-

6 605 7 640 ;
126 591 210 642 verat
227 600 292 642 eam
309 583 349 642 M.
368 579 496 653 (laelius,
518 583 605 644 homo
623 581 849 660 pulchritudine,
870 587 905 640 ut
921 579 1059 652 vidimus,
1081 581 1145 657 ipse
1166 582 1211 639 in·

125 668 337 812 diognibsadqbb
344 666 534 814 cppplucribpls
551 669 637 813 66ὸί6
647 669 755 810 11166166.
766 667 930 814 861ὅ6ἶι
941 664 1071 808 Plintiurst¹l
1084 667 1136 743 qui
1150 672 1211 723 nat

149 754 156 769 ⁸
174 759 194 809 t.
467 771 500 811 66
515 754 574 811 ’um
623 795 630 809 .
681 753 743 812 ario
792 772 821 810 n.
870 771 902 810 ar
922 769 979 810 one
1017 768 1033 809 e
1063 751 1122 807 'um
1144 769 1212 808 con·

125 836 250 910 salibus,
268 836 296 895 h.
311 857 336 897 e.
349 857 376 898 a.
393 833 517 915 672182,
536 839 667 914 genitum
685 856 748 897 esse
759 835 858 909 tradit,
877 837 982 894 erroris
1000 835 1150 894 convictus
1168 844 1213 894 666

125 941 146 980 6
163 921 345 1001 Nipperdeio
362 941 460 1000 opusc.
477 941 506 1001 p.
521 924 591 994 299,
609 929 709 981 tamen
726 941 793 981 eum
811 929 881 980 ante
898 940 1009 979 annum
1028 916 1141 997 666188
1160 938 1213 978 na·

124 1014 191 1066 tum
207 1027 269 1067 non
286 1025 351 1067 esse
367 1027 420 1086 pro
438 1014 516 1067 certo
529 1006 699 1066 babendum
712 1015 764 1067 est.
799 1027 827 1064 v.
843 1005 923 1066 Guil
932 1005 1167 1083 Wegehauptiua
1179 1005 1213 1062 in

126 1111 303 1170 programm.
318 1112 418 1170 gymn.
433 1091 528 1152 adst.
542 1090 978 1169 Mariam-MagdaLVratislav.
993 1110 1019 1148 a.
1034 1091 1094 1150 187
1097 1090 1126 1163 8,
1139 1109 1168 1168 p.
1183 1090 1212 1147 6.

124 1176 208 1256 quod
233 1197 300 1237 eum
325 1179 368 1236 ita
393 1179 440 1250 sit,
467 1177 540 1257 quid
561 1179 677 1249 mirum,
703 1179 729 1235 61
751 1173 894 1246 Catullus,
922 1174 1094 1234 adulescens
1121 1176 1214 1233 animi

126 1261 233 1322 ardore
248 1263 355 1342 plenus
372 1269 403 1321 66
418 1269 514 1340 poeta,
536 1260 689 1321 mulierem
706 1268 800 1320 semet
820 1259 971 1339 eliquanto
989 1261 1138 1332 maiorem,
1161 1259 1214 1319 sed

126 1354 158 1406 et
182 1346 278 1406 forma
303 1354 333 1406 et
362 1348 483 1423 ingenio
513 1346 707 1406 excellentem
733 1343 877 1423 deperiit?
912 1345 1002 1404 etiam
1026 1344 1215 1422 Propertium

127 1428 261 1511 Cynthia
278 1451 332 1490 sua
349 1433 435 1491 annis
452 1430 620 1491 inferiorem
637 1431 729 1490 fuisse
746 1431 861 1503 scimus,
879 1448 976 1507 neque
989 1427 1111 1488 difficile
1129 1437 1230 1503 esset.

127 1517 155 1576 61
172 1535 246 1595 opus
262 1515 345 1589 foret
369 1535 407 1575 ex
427 1516 639 1576 recentioribus
659 1515 838 1595 temporibus
860 1515 968 1573 similia
989 1514 1125 1592 exempla
1146 1535 1214 1573 con-

128 1619 239 1677 gerere.
275 1598 380 1680 quodsi
405 1603 472 1681 quis
497 1601 587 1668 talem
611 1603 717 1660 aetatis
741 1603 819 1659 iuter
843 1598 983 1658 Lesbiam
1010 1607 1040 1657 et
1065 1597 1215 1658 06661166

126 1685 326 1746 differentiam
350 1705 404 1766 per
429 1705 461 1746 66
481 1685 601 1766 quidem
621 1685 702 1744 haud
722 1683 926 1745 incredibilem
951 1683 1070 1757 iudicat,
1098 1683 1151 1743 666
1172 1683 1215 1743 ad

125 1791 152 1830 c.
169 1770 294 1830 LXXII
310 1779 452 1850 provocat
468 1779 616 1851 negatque
637 1771 703 1830 fieri
723 1772 853 1850 potuisse
869 1777 904 1828 ut
923 1777 1011 1848 poeta
1034 1768 1070 1828 de
1091 1769 1231 1842 muliere

126 1859 193 1934 ipso
211 1859 297 1916 annis
315 1859 464 1935 superiore
481 1855 592 1916 diceret
609 1875 640 1915 se
658 1875 731 1928 eam,
750 1855 821 1914 dum
838 1854 896 1915 sibi
911 1856 966 1914 uni
983 1853 1084 1914 dedita
1101 1855 1213 1927 lirisset,

128 1940 270 2002 dilexisse
287 1941 361 2001 ‘non
377 1949 493 2001 tantum
510 1949 545 2000 ut
560 1941 669 2019 vulgus
686 1943 819 2011 amicam,
838 1938 899 2001 Sed
915 1947 1016 2018 pater
1032 1947 1070 1999 66
1088 1947 1214 2016 gnatos

129 2025 256 2103 diligit
277 2033 312 2086 et
332 2026 504 2103 generos,
526 2045 566 2086 66
582 2025 614 2085 16
632 2025 751 2105 quidem
772 2027 941 2085 universam
962 2024 1048 2084 buius
1071 2027 1215 2102 epigram-

127 2113 215 2170 matis
233 2114 409 2172 sententiam
425 2111 624 2172 consideranti
639 2113 705 2174 iure
723 2113 831 2189 opponi
844 2108 1000 2168 videbitur.
1027 2111 1060 2168 in
1073 2128 1130 2188 quo
1149 2129 1216 2169 cum

128 2193 264 2256 Catullus
289 2195 528 2256 benevolentiam
553 2197 624 2256 olim
654 2195 737 2255 66611
763 2194 890 2254 Lesbiae
919 2195 1090 2273 praestitam
1115 2193 1153 2254 ab
1180 2213 1214 2254 eo

128 2299 228 2340 amore
245 2283 297 2360 qui
314 2281 353 2340 66
370 2281 464 2340 solum
481 2301 585 2361 corpus
602 2285 731 2360 pertinet
747 2279 873 2358 ideoque
894 2297 933 2338 ne
954 2278 1080 2357 perfidia
1097 2277 1216 2358 quidem

127 2371 244 2425 amatae
269 2365 401 2426 mulieris
425 2370 504 2444 perit
528 2373 664 2427 accurate
689 2364 861 2442 distinguat,
888 2363 994 2444 quidni
1018 2363 1101 2422 illam
1127 2364 1215 2423 bene-

127 2450 288 2511 volentiam
305 2471 372 2511 cum
387 2453 480 2529 patris
497 2455 530 2511 in
546 2451 624 2510 filios
641 2469 824 2530 generosque
841 2453 962 2510 caritate
980 2447 1139 2528 conparet?
1156 2469 1216 2529 qua

126 2534 248 2614 quidem
269 2539 479 2614 conparatione
504 2540 615 2616 optime
634 2543 669 2595 ut
693 2535 780 2595 homo
806 2536 957 2595 Romanus
982 2533 1109 2613 priorem
1131 2555 1216 2594 suum

126 2639 246 2680 sensum
263 2620 410 2698 diligendi
426 2621 604 2681 inlustravit
635 2621 711 2680 conf.
726 2620 929 2699 Westphalius
950 2619 1020 2681 libri
1037 2621 1083 2679 sui
1105 2617 1142 2679 de
1160 2617 1215 2678 (16·

127 2704 202 2765 66116
220 2725 248 2784 p.
268 2705 328 2764 115
345 2725 377 2779 6,
395 2725 484 2786 quem
500 2725 536 2766 66
554 2706 591 2766 66
608 2725 640 2766 re
656 2707 818 2766 rectissime
834 2705 981 2765 iudicasse
998 2723 1112 2765 censeo.

191 2791 297 2870 Itaque
318 2811 371 2869 pro
393 2791 545 2870 explorato
567 2797 663 2870 potest
682 2789 786 2850 haberi
808 2790 948 2851 Lesbiam
965 2787 1076 2848 Catulli
1097 2796 1127 2848 et
1148 2787 1215 2848 010-

128 2874 210 2934 diam
222 2872 258 2947 Q.
268 2875 383 2934 Metelli
396 2873 509 2937 Celeris
526 2895 649 2936 uxorem
660 2895 751 2936 unam
765 2874 947 2953 eandemque
963 2873 1102 2933 feminam
1114 2873 1214 2933 fuisse.

57 3023 61 3028 ,
126 2963 189 3019 166
209 2959 250 3016 ad
269 2967 384 3036 tempus
409 2965 515 3020 amoris
542 2980 613 3037 erga
639 2980 704 3020 eam
727 2967 833 3038 poetae
858 2958 958 3038 paullo
981 2959 1144 3017 accuratius
1166 2957 1216 3018 de-

126 3041 293 3102 finiendum
314 3048 496 3121 progressuri
516 3050 643 3124 primum
664 3044 736 3124 quid
756 3047 822 3123 ipsa
838 3045 969 3102 carmina
987 3040 1157 3102 (1666111666
1178 3042 1216 3104 de

126 3147 166 3188 66
182 3146 215 3188 re
231 3126 358 3187 doceant
373 3129 534 3188 videamus.
561 3136 692 3208 tempore
709 3148 743 3189 eo
758 3148 816 3206 quo
833 3135 922 3207 poeta
934 3148 958 3186 c.
971 3126 1022 3185 XI
1034 3129 1214 3206 conscripsit,

126 3213 156 3272 h.
175 3231 199 3272 a
217 3232 245 3273 6
263 3207 388 3290 699155,
411 3233 540 3273 amorem
557 3218 620 3274 eius
641 3213 731 3292 plane
752 3216 916 3273 extinctum
935 3211 1026 3272 fuisse
1047 3214 1106 3270 166
1127 3232 1216 3292 supra

127 3297 267 3357 diximus.
301 3317 411 3357 avere
436 3293 645 3376 6661697157
671 3317 764 3377 usque
790 3297 902 3358 adver
926 3294 1136 3377 6661698156
1159 3298 1215 3359 Oa-

125 3382 236 3442 tullum
261 3386 294 3442 in
315 3383 461 3462 Bithynia
485 3387 640 3463 provincia
664 3390 873 3444 commoratum
900 3402 964 3443 6666
989 3383 1069 3442 infra
1095 3382 1215 3443 demon·

126 3467 277 3528 strabitur.
313 3488 370 3547 quo
393 3487 461 3529 eum
481 3489 542 3528 non
564 3469 655 3530 tuisse
676 3468 883 3547 profectum,
909 3471 970 3528 nisi
990 3476 1079 3529 antea
1100 3487 1215 3529 omnem

127 3571 210 3632 spem
226 3552 446 3631 recuperandae
461 3553 589 3614 Lesbiae
607 3554 770 3627 abiecisset,
793 3553 907 3633 liquido
925 3553 1098 3614 confirmare
1114 3573 1215 3632 possu-

125 3657 201 3697 mus.
231 3656 328 3717 neque
344 3637 438 3698 ullum
454 3647 500 3698 666
521 3642 683 3700 carminum
704 3642 809 3700 autin
830 3641 894 3718 ipso
915 3640 1022 3698 itinere
1043 3647 1096 3698 aut
1116 3641 1215 3697 statim

124 3741 167 3782 ex
183 3720 282 3782 reditu
297 3731 403 3802 poetae
421 3728 637 3802 compositorum
653 3726 686 3783 in
703 3744 761 3802 quo
778 3724 860 3783 illius
877 3723 1008 3785 mulieris
1025 3725 1135 3782 mentio
1153 3721 1213 3780 fiat.

126 3825 200 3884 ergo
217 3827 279 3866 non
295 3807 408 3868 tardius
426 3829 515 3889 quam
536 3829 615 3869 anno
634 3805 748 3887 696158
772 3815 903 3869 extremo
921 3807 1071 3868 Catullum
1086 3807 1215 3867 Lesbiae

125 3911 255 3952 amorem
281 3897 465 3955 renuntiasse
490 3893 637 3972 probabili
663 3897 831 3954 coniectura
861 3892 995 3954 efficitur.
1033 3895 1087 3950 vix
1116 3901 1215 3950 autem

128 3980 209 4055 prius
235 3979 325 4037 etiam
345 3978 384 4039 ab
410 3997 447 4040 ea
471 3998 535 4038 sese
561 3980 703 4040 avertisse
728 3987 832 4058 potest.
868 3998 938 4037 nam
959 3979 1104 4037 sirarios
1126 3976 1214 4036 huius

127 4064 236 4121 amoris
262 4083 346 4123 casus
371 4063 580 4142 reputabimus,
609 4066 727 4123 omnino
754 4083 821 4125 eum
846 4065 961 4122 circiter
987 4061 1214 4140 quadriennium

124 4149 259 4226 viguisse
276 4148 477 4224 concedemus,
494 4148 584 4229 idque
602 4150 691 4209 etiam
707 4148 778 4210 inde
792 4145 991 4224 colligendum
1003 4145 1121 4208 videtur
1133 4145 1215 4228 quod
