2976 5004
584 346 698 402 LIBER
736 359 738 366 ’

544 535 731 604 LXXXII.
742 545 743 550 ’

251 655 380 738 Quinti,
398 656 425 720 si
443 655 501 720 tibi
519 657 566 720 vis
584 657 691 722 oeulos
711 656 827 723 debere
845 654 1009 721 Catullum

298 760 355 815 aut
372 749 458 813 aliud
476 748 581 832 siquid
599 750 702 814 carius
720 759 768 815 est
785 751 895 824 oeulis,
921 787 922 792 κ

254 844 377 928 eripere
396 844 425 908 ei
442 844 517 920 noli,
536 844 636 908 multo
654 843 741 928 quod
758 844 861 908 carius
879 843 924 908 illi

297 948 346 1003 est
363 936 463 1002 oeulis
482 959 538 1001 seu
557 937 634 1020 quid
651 938 754 1003 carius
772 947 820 1004 est
837 938 947 1004 oeulis.

553 1125 723 1138 *-

534 1283 740 1352 LXXXIII.

167 1402 289 1470 Lesbia
306 1403 350 1468 mi
368 1413 533 1489 praesente
552 1403 619 1468 viro
637 1404 721 1468 mala
738 1403 875 1489 plurima
892 1404 997 1470 dieitz·

211 1497 290 1564 haee
308 1497 354 1562 illi
371 1498 460 1562 fatuo
478 1497 617 1562 maxima
634 1497 791 1562 laetitiast.

166 1591 263 1669 mule,
282 1591 360 1656 nibil
378 1591 484 1655 sentis.
529 1591 555 1655 si
572 1590 673 1656 nostri
691 1591 788 1656 oblita
805 1601 934 1670 taceret,

210 1708 288 1750 sana
306 1694 406 1750 esset:
423 1706 508 1748 nune
527 1683 614 1768 quod
631 1685 744 1769 gannit
760 1695 793 1751 et
809 1685 1001 1768 obloquitur,

165 1802 230 1843 non
248 1778 353 1843 solum
372 1778 523 1854 meminit,
542 1778 609 1854 sed,
627 1800 710 1861 quae
727 1779 827 1843 multo
845 1779 947 1844 aerior
964 1790 1011 1845 est
1029 1801 1090 1856 res,
1163 1792 1182 1847 5

208 1871 289 1938 irata
307 1883 364 1946 est,
383 1871 443 1936 boe
461 1882 518 1948 est,
537 1872 639 1936 uritur
655 1882 687 1938 et
705 1872 861 1956 coquitur.

549 2059 720 2074 h—-u-—fl

533 2219 737 2290 LXXXIV.

166 2337 368 2405 Chommoda
385 2339 520 2416 dicebat,
539 2340 566 2406 si
583 2339 711 2424 quando
728 2339 895 2406 commoda
911 2340 1008 2408 vellet
1073 2377 1079 2384 ·

207 2434 322 2508 dicere,
341 2446 374 2500 et
390 2434 520 2499 insidias
539 2434 653 2498 Arrius
670 2433 835 2511 hiusidiaa‚

165 2540 198 2594 et
215 2539 283 2592 tum
302 2527 432 2592 mirifice
450 2528 599 2613 sperabat
616 2550 650 2591 se
668 2550 739 2594 esse
753 2530 904 2605 locutum,

208 2644 282 2686 uum
299 2632 453 2704 quantum
471 2633 594 2707 poterat
611 2621 733 2686 dixerat
750 2621 912 2687 binsidias.

164 2716 270 2792 credo,
288 2715 334 2779 sie
351 2724 461 2791 mater,
480 2716 526 2780 sie
543 2715 643 2780 Liber
659 2716 835 2780 avunculus
854 2717 933 2791 eius,
1159 2735 1179 2789 5

208 2809 253 2872 sie
271 2820 433 2873 maternus
448 2831 530 2888 ‚avus
552 2808 675 2873 dixerat
691 2817 787 2892 atque
805 2809 886 2873 avia.

165 2901 226 2967 hoe
243 2901 340 2966 misso
358 2902 390 2967 in
410 2900 537 2987 Syriam
554 2901 736 2984 requierant
752 2901 900 2966 omnibus
918 2922 1025 2966 aures:

207 2995 362 3074 audibant
379 2996 490 3061 eadem
508 2995 587 3060 haee
604 2994 716 3059 leniter
733 3005 765 3060 et
781 2994 902 3071 leviter,

163 3111 225 3154 nee
242 3089 302 3153 sibi
320 3089 446 3173 postilla
463 3089 648 3154 metuebant
664 3089 739 3153 talia
756 3089 863 3164 verba,

207 3204 282 3247 eum
299 3182 403 3247 subito
422 3182 708 3248 adfertureuuntius
727 3182 894 3259 horribilis,

164 3275 271 3340 Ionios
289 3275 414 3350 fluetus,
432 3286 601 3360 postquam
618 3275 693 3340 illue
712 3277 825 3341 Arrius
842 3276 927 3352 isset,

206 3370 269 3434 iam
286 3391 351 3434 non
368 3371 475 3435 Ionios
494 3391 573 3447 esse,
591 3370 648 3436 sed
664 3371 810 3436 Hionios.
839 3425 843 3430 .

549 3559 716 3569 -ψ---ψ--η

537 3718 723 3785 LXXXV.

162 3834 231 3901 Odi
249 3847 281 3900 et
299 3857 380 3901 amo.
425 3857 522 3919 quare
544 3836 578 3901 id
595 3838 872 3924 facianafortasse
890 3838 1035 3922 requiris.
1109 3913 1112 3921 Δ

206 3929 329 4007 nesei0,'
343 3929 399 3994 sed
417 3929 485 3995 fieri
503 3931 603 3995 sentio
621 3937 653 3996 et
670 3931 842 3998 excrucior.

547 4124 719 4139 *αι-ιιι-

168 4217 266 4260 catenum
