2968 4990
310 387 352 428 XO
746 383 974 428 PROLBGOMBNA

308 507 412 564 societ.
431 505 532 564 scient.
549 503 702 562 Fennioae
718 508 738 561 t.
756 502 827 576 VII,
846 523 874 581 p.
894 504 953 562 601
970 523 1008 564 ss.
1026 503 1174 566 subtiliter
1195 507 1228 563 in
1252 524 1325 565 eam
1353 525 1423 567 rem

311 590 468 670 inquisivit
497 588 709 667 vulgatumque
734 589 904 665 opinionem
931 589 1018 648 certis
1043 592 1225 666 argumentis
1251 591 1419 652 refutavit.
1472 609 1473 644 ι

310 678 396 734 cuius
413 682 513 735 tamen
527 675 734 733 commentatio
752 673 848 732 bonae
860 673 955 750 frugis
967 674 1056 753 plena
1069 675 1149 755 apud
1163 685 1280 736 exteros
1297 697 1419 755 parum

306 762 476 820 innotuisse
493 758 619 830 videtur,
637 760 680 817 ita
697 765 730 816 ut
747 761 800 836 qui
815 767 919 836 postea
936 757 974 818 de
988 758 1100 818 Catulli
1118 761 1299 820 carminibus
1315 765 1418 842 scrip-

313 853 416 905 serunt
432 844 546 903 nullam
564 844 626 903 iere
639 846 701 902 eius
714 846 859 903 rationem
873 843 1039 903 habuerint.
1066 848 1270 905 recentissima
1284 845 1416 907 demum

305 938 410 989 aetate
420 928 453 987 0.
463 930 497 987 P.
508 928 665 988 Schulzius
677 930 710 987 in
723 928 799 986 libro
809 928 953 987 saeculari
966 949 985 988 a
997 931 1237 1009 praeceptoribus
1250 935 1416 1010 gymnasii

311 1014 512 1074 Berolinensis
534 1012 890 1074 Friderieo·Werderiani
911 1034 937 1072 a.
962 1016 1041 1073 1881
1065 1015 1216 1094 publicato
1238 1037 1267 1094 p.
1289 1018 1357 1074 197
1374 1038 1413 1077 ss.

312 1101 439 1159 Bruneri
468 1102 620 1176 ingressus
653 1100 786 1174 vestigiis
818 1101 1019 1177 quaestionem
1050 1101 1089 1158 ad
1114 1103 1228 1160 exitum
1253 1100 1412 1163 adducam

304 1187 476 1263 temptavit,
502 1203 558 1245 nec
583 1183 675 1243 multo
697 1193 764 1262 post
785 1182 959 1243 Theodorus
982 1185 1093 1244 Birtius
1118 1187 1151 1244 in
1177 1185 1255 1245 libro
1278 1189 1335 1265 qui
1364 1191 1411 1248 in·

304 1273 437 1349 :scriptus
463 1277 509 1330 est
535 1267 601 1328 ‘das
627 1268 729 1328 antike
747 1269 929 1328 Buchwesen
951 1273 984 1328 in
1008 1271 1120 1329 seinem
1138 1271 1330 1330 Vsrh'a'ltniss
1355 1293 1411 1331 zur

311 1356 496 1428 Litteratur’,
515 1375 543 1434 p.
563 1357 622 1413 401
635 1373 671 1414 ss.
691 1352 794 1413 eadem
817 1353 855 1413 de
876 1371 908 1413 re
927 1352 1090 1433 disputavit
1112 1354 1215 1414 itidem
1232 1357 1408 1417 Brunerum

304 1444 343 1500 in
361 1443 532 1500 universum
550 1439 655 1499 ducem
673 1447 798 1511 secutus,
822 1440 905 1497 cuius
926 1447 1026 1499 tamen
1044 1443 1324 1501 commentationem
1342 1463 1408 1502 non

310 1529 375 1604 ipse
391 1524 502 1584 vidisse
524 1532 627 1603 potest.
669 1527 778 1583 etenim
795 1525 921 1584 Bruneri
943 1544 1020 1603 quae
1041 1534 1109 1584 sunt
1126 1525 1231 1584 Ellisio
1254 1527 1403 1601 attribuit,

310 1613 364 1690 qui
380 1612 412 1668 in
430 1608 578 1668 adnotatis
596 1608 635 1668 ad
651 1628 675 1668 o.
694 1609 711 1667 I
728 1616 903 1684 argumenta
919 1609 999 1668 illius
1018 1630 1055 1670 ex
1072 1618 1156 1689 parte
1172 1611 1333 1689 amplexus
1353 1622 1402 1684 est,

312 1703 441 1754 ceterum
459 1696 578 1753 nomine
596 1695 722 1752 auctoris
739 1713 801 1752 non
819 1693 920 1753 celato.
956 1696 1061 1754 horum
1077 1698 1170 1774 igitur
1187 1695 1403 1757 observationi·

312 1780 376 1852 bus,
403 1786 548 1859 quatenus
574 1779 660 1838 nobis
683 1777 772 1837 fidem
794 1777 935 1853 fecerunt,
962 1782 995 1839 in
1017 1798 1079 1839 rem
1100 1789 1231 1840 nostram
1249 1786 1403 1842 conversis

303 1872 402 1924 totam
421 1867 623 1944 quaestionem
646 1865 688 1922 ita
705 1861 928 1923 retractabimus
944 1873 978 1924 61
995 1866 1067 1944 quid
1085 1874 1137 1924 aut
1154 1873 1232 1926 certo
1250 1868 1403 1945 explorari

310 1959 364 2009 aut
384 1948 577 2029 probabiliter
598 1951 687 2008 statui
703 1967 799 2027 posse,
822 1949 894 2029 quid
916 1953 949 2009 in
971 1950 1067 2010 medio
1089 1950 1320 2031 relinquendum
1340 1972 1402 2014 esse

310 2034 448 2095 videatur
470 2055 537 2094 cum
560 2054 630 2093 cura
652 2033 892 2094 demonstremus.
931 2036 992 2094 iam
1014 2037 1117 2096 exeis
1143 2055 1219 2116 quae
1245 2057 1339 2116 supra
1367 2038 1402 2099 de

309 2123 374 2179 vita
389 2128 494 2199 poetae
511 2119 701 2180 disseruimus
715 2121 820 2178 miram
838 2119 987 2199 quandam
1000 2123 1162 2180 carminum
1177 2125 1307 2201 corporis
1320 2124 1403 2202 quod

310 2226 419 2266 nomen
445 2207 508 2265 eius
534 2206 592 2264 fert
618 2205 822 2264 condicionem
846 2204 982 2283 intellegi
1011 2206 1102 2265 licuit.
1146 2206 1294 2286 permulta
1320 2213 1403 2268 enim

288 2281 445 2371 'poemata
463 2298 636 2367 argumento
654 2298 717 2349 arte
733 2293 811 2348 inter
828 2308 859 2348 se
877 2290 1064 2350 cohaerentia
1086 2299 1175 2371 atque
1191 2299 1323 2371 tempore
1343 2295 1402 2353 sibi
1472 2333 1473 2352 ι

309 2380 446 2455 proxima
463 2375 512 2434 hic
529 2374 591 2433 illic
608 2375 740 2454 dispersa
758 2382 787 2433 et
809 2374 951 2453 dissipata
971 2375 1118 2452 leguntur,
1143 2396 1277 2457 quaeque
1299 2381 1402 2456 priora

309 2468 380 2519 sunt
402 2467 506 2534 aetate,
534 2462 566 2518 in
587 2462 651 2537 ipso
670 2459 745 2519 libro
763 2463 961 2538 posteriorem,
984 2479 1061 2540 quae
1079 2464 1247 2541 posteriora,
1268 2466 1400 2541 priorem

309 2545 408 2604 locum
426 2562 513 2623 saepe
535 2543 678 2604 obtinent.
717 2547 768 2618 sio,
790 2552 824 2602 ut
844 2565 940 2624 pauca
958 2547 1093 2625 exempla
1111 2546 1287 2621 adferamus,
1311 2569 1335 2607 c
1354 2550 1400 2609 LI

302 2650 378 2689 ¹cum
399 2633 531 2689 omnium
551 2635 754 2708 poematorum
776 2628 815 2687 ad
831 2630 971 2690 Lesbiam
989 2636 1184 2709 spectantium
1202 2637 1330 2710 primum
1350 2637 1397 2708 sit,

301 2736 334 2773 -c.
344 2715 393 2774 XI
406 2713 511 2773 ultima
527 2721 632 2793 poetae
644 2713 684 2772 ad
701 2732 766 2773 eam
780 2715 920 2774 mandata
934 2719 1072 2776 continet.
1104 2737 1128 2776 o.
1142 2717 1248 2777 XLVI
1262 2717 1398 2780 Catullus

306 2821 348 2862 ex
365 2801 509 2879 Bithynia
531 2799 664 2858 abiturus
682 2800 836 2858 comitibus
854 2799 922 2860 vale
944 2800 1024 2874 dicit,
1049 2822 1116 2861 cum
1133 2802 1260 2861 feliciter
1276 2803 1349 2864 inde
1367 2807 1398 2865 in

307 2888 434 2966 patriam
446 2904 581 2945 reversus
595 2904 619 2943 c.
628 2885 741 2942 XXXI
753 2884 845 2945 larem
858 2906 943 2945 suum
961 2887 1068 2947 salutet
1085 2895 1115 2946 et
1129 2906 1152 2945 c.
1161 2888 1207 2948 IV
1220 2888 1335 2966 phaseli
1345 2893 1398 2969 qui

307 2993 375 3031 eum
401 2973 564 3049 reportavit
586 2970 764 3030 celeritatem
786 2970 945 3049 praedicet.
965 2992 988 3031 c.
1007 2970 1111 3032 CXVI
1129 2971 1227 3032 Gellio
1250 2977 1397 3050 epigram-

307 3065 388 3116 mata
409 3059 538 3115 minatur
559 3075 635 3135 quae
657 3056 837 3115 carminibus
853 3056 992 3116 LXXIV
1008 3056 1131 3115 LXXX
1148 3057 1397 3118 LXXXVIII—

306 3140 383 3203 XGI
401 3145 596 3201 eontinentur.
623 3160 720 3220 neque
738 3140 832 3200 solum
849 3141 935 3200 rebus
952 3143 1189 3223 temporibusque
1207 3143 1397 3205 cohaerentia

307 3225 438 3298 divulsa,
469 3246 573 3287 verum
604 3229 694 3285 etiam
725 3245 796 3284 sono
822 3225 912 3303 longe
938 3226 1094 3286 dissimilia
1120 3229 1205 3286 iuxta
1232 3228 1395 3304 conlocato,

306 3329 411 3370 severa
423 3311 551 3384 lascivis,
570 3319 672 3371 sancta
683 3310 900 3383 inverecundis,
918 3313 1012 3371 tristia
1025 3312 1136 3385 hilaris,
1155 3314 1217 3371 alta
1232 3313 1396 3374 humilibus

308 3398 403 3453 mixta
420 3401 496 3453 sunt.
537 3396 631 3454 veluti
648 3396 776 3455 flebilem
795 3395 832 3455 de
848 3395 975 3456 Lesbiae
991 3397 1175 3476 turpitudine
1191 3401 1225 3457 in
1242 3419 1265 3458 c.
1283 3397 1396 3460 LVIII

298 3480 520 3560 querimoniam
543 3481 661 3539 obsceni
683 3484 717 3539 in
738 3480 850 3540 Rufum
872 3482 1010 3541 versiculi
1034 3490 1180 3556 secuntur,
1203 3483 1395 3564 eiusdemque

299 3566 424 3643 ‚generis
434 3564 612 3623 carminibus
626 3564 759 3624 sublimis
773 3565 812 3624 ad
826 3564 941 3625 Allium
954 3567 1051 3643 elegia
1064 3571 1211 3647 utrimque
1224 3569 1393 3643 includitur,

306 3661 337 3712 et
359 3653 541 3729 epigramma
563 3647 601 3707 ad
620 3649 746 3709 Calvum
763 3653 891 3710 amicum
914 3651 951 3710 de
973 3659 1065 3711 morte
1089 3651 1252 3724 Quintiliae
1272 3658 1394 3714 tenerri-

305 3756 420 3796 morum
438 3733 595 3794 affectuum
611 3733 733 3813 plenum
750 3737 925 3814 inpuritatas
943 3739 1081 3797 carminis
1094 3736 1216 3797 XCVII
1229 3742 1391 3818 excipiunt

305 3823 384 3881 hunc
409 3821 501 3898 igitur
527 3819 660 3878 ordinem
686 3826 748 3877 tam
774 3839 944 3899 perversum
967 3820 1092 3901 abipso
1115 3825 1393 3902 poetaprofectum

300 3926 369 3967 esse
390 3926 451 3965 non
474 3914 518 3966 est
539 3903 688 3977 credibile,
710 3907 769 3963 nisi
791 3906 866 3966 forte
887 3909 953 3986 quis
972 3927 1038 3967 eum
1056 3911 1158 3967 statuit
1182 3927 1280 3967 rarum
1298 3909 1393 3970 diver

303 3995 486 4052 sissimarum
504 3988 671 4049 confusioni
685 3991 817 4050 consulto
831 3991 977 4051 studuisse
990 3994 1128 4071 vitaeque
1141 4013 1212 4052 suae
1229 3997 1392 4071 imaginem

296 4097 366 4136 non
388 4084 449 4134 tam
472 4075 648 4136 adumbrare
669 4079 752 4154 poesi
774 4097 827 4136 sua
844 4097 932 4157 quum
950 4076 1105 4137 obscurare
1122 4077 1259 4139 voluisse.
1296 4099 1392 4160 neque

296 4181 375 4220 *vero
393 4169 493 4221 tantae
511 4161 741 4242 perturbationis
756 4161 843 4242 culpa
859 4165 894 4221 in
906 4161 1042 4223 librarios
1061 4163 1187 4223 conferri
1203 4173 1307 4243 potest.
1333 4187 1394 4227 non
