<?xml version="1.0" encoding="UTF-8"?>
<!DOCTYPE html PUBLIC "-//W3C//DTD XHTML 1.0 Transitional//EN"
    "http://www.w3.org/TR/xhtml1/DTD/xhtml1-transitional.dtd">
<html xmlns="http://www.w3.org/1999/xhtml" xml:lang="en" lang="en">
 <head>
  <title>
</title>
<meta http-equiv="Content-Type" content="text/html;charset=utf-8" />
  <meta name='ocr-system' content='tesseract 3.04.00' />
  <meta name='ocr-capabilities' content='ocr_page ocr_carea ocr_par ocr_line ocrx_word'/>
</head>
<body>
  <div class='ocr_page' id='page_1' title='image "./carmina01schmgoog_0202.png"; bbox 0 0 2976 5004; ppageno 0'>
   <div class='ocr_carea' id='block_1_1' title="bbox 592 405 734 462">
    <p class='ocr_par' dir='ltr' id='par_1_1' title="bbox 592 405 734 462">
     <span class='ocr_line' id='line_1_1' title="bbox 592 405 734 462; baseline 0.007 -1"><span class='ocrx_word' id='word_1_1' title='bbox 592 405 709 462; x_wconf 84' lang='lat' dir='ltr'>LIBER</span> <span class='ocrx_word' id='word_1_2' title='bbox 731 409 734 412; x_wconf 81' lang='grc'><strong>’</strong></span> 
     </span>
    </p>
   </div>
   <div class='ocr_carea' id='block_1_2' title="bbox 124 523 1218 4257">
    <p class='ocr_par' dir='ltr' id='par_1_2' title="bbox 124 523 921 711">
     <span class='ocr_line' id='line_1_2' title="bbox 124 523 921 616; baseline -0.003 -19"><span class='ocrx_word' id='word_1_3' title='bbox 124 553 262 616; x_wconf 88' lang='lat' dir='ltr'>quaene</span> <span class='ocrx_word' id='word_1_4' title='bbox 280 529 376 596; x_wconf 88' lang='lat' dir='ltr'>etiam</span> <span class='ocrx_word' id='word_1_5' title='bbox 394 523 501 594; x_wconf 78' lang='lat' dir='ltr'>ndstro</span> <span class='ocrx_word' id='word_1_6' title='bbox 519 529 616 595; x_wconf 89' lang='lat' dir='ltr'>letum</span> <span class='ocrx_word' id='word_1_7' title='bbox 636 531 813 596; x_wconf 81' lang='lat' dir='ltr'><strong>miserabile</strong></span> <span class='ocrx_word' id='word_1_8' title='bbox 830 527 921 595; x_wconf 90' lang='lat' dir='ltr'>fratri</span> 
     </span>
     <span class='ocr_line' id='line_1_3' title="bbox 178 623 890 711; baseline -0.003 -21"><span class='ocrx_word' id='word_1_9' title='bbox 178 625 296 690; x_wconf 86' lang='lat' dir='ltr'>attulit.</span> <span class='ocrx_word' id='word_1_10' title='bbox 341 624 370 688; x_wconf 91' lang='lat' dir='ltr'>ei</span> <span class='ocrx_word' id='word_1_11' title='bbox 388 623 504 689; x_wconf 86' lang='lat' dir='ltr'>misero</span> <span class='ocrx_word' id='word_1_12' title='bbox 522 626 619 689; x_wconf 90' lang='lat' dir='ltr'>frater</span> <span class='ocrx_word' id='word_1_13' title='bbox 636 625 785 711; x_wconf 87' lang='lat' dir='ltr'>adempte</span> <span class='ocrx_word' id='word_1_14' title='bbox 802 625 890 702; x_wconf 91' lang='lat' dir='ltr'>mihi,</span> 
     </span>
    </p>

    <p class='ocr_par' dir='ltr' id='par_1_3' title="bbox 128 716 940 896">
     <span class='ocr_line' id='line_1_4' title="bbox 128 716 940 802; baseline -0.004 -18"><span class='ocrx_word' id='word_1_15' title='bbox 128 718 166 784; x_wconf 86' lang='lat' dir='ltr'>ei</span> <span class='ocrx_word' id='word_1_16' title='bbox 184 717 302 783; x_wconf 93' lang='lat' dir='ltr'>misero</span> <span class='ocrx_word' id='word_1_17' title='bbox 320 717 409 781; x_wconf 84' lang='lat' dir='ltr'>fratri</span> <span class='ocrx_word' id='word_1_18' title='bbox 427 716 601 782; x_wconf 88' lang='lat' dir='ltr'>iucundum</span> <span class='ocrx_word' id='word_1_19' title='bbox 618 719 727 782; x_wconf 91' lang='lat' dir='ltr'>lumen</span> <span class='ocrx_word' id='word_1_20' title='bbox 746 719 940 802; x_wconf 86' lang='lat' dir='ltr'>ademptum,</span> 
     </span>
     <span class='ocr_line' id='line_1_5' title="bbox 179 813 928 896; baseline 0.003 -22"><span class='ocrx_word' id='word_1_21' title='bbox 179 821 288 876; x_wconf 88' lang='lat' dir='ltr'>tecum</span> <span class='ocrx_word' id='word_1_22' title='bbox 305 834 370 875; x_wconf 90' lang='lat' dir='ltr'>una</span> <span class='ocrx_word' id='word_1_23' title='bbox 388 821 455 876; x_wconf 86' lang='lat' dir='ltr'>tota</span> <span class='ocrx_word' id='word_1_24' title='bbox 473 821 521 876; x_wconf 90' lang='lat' dir='ltr'>est</span> <span class='ocrx_word' id='word_1_25' title='bbox 537 822 646 876; x_wconf 88' lang='lat' dir='ltr'>nostra</span> <span class='ocrx_word' id='word_1_26' title='bbox 664 813 787 896; x_wconf 88' lang='lat' dir='ltr'>sepulta</span> <span class='ocrx_word' id='word_1_27' title='bbox 805 813 928 888; x_wconf 90' lang='lat' dir='ltr'>domus,</span> 
     </span>
    </p>

    <p class='ocr_par' dir='ltr' id='par_1_4' title="bbox 126 906 1218 1081">
     <span class='ocr_line' id='line_1_6' title="bbox 126 906 1218 996; baseline -0.002 -26"><span class='ocrx_word' id='word_1_28' title='bbox 126 906 246 970; x_wconf 87' lang='lat' dir='ltr'>omnia</span> <span class='ocrx_word' id='word_1_29' title='bbox 262 916 368 970; x_wconf 87' lang='lat' dir='ltr'>tecum</span> <span class='ocrx_word' id='word_1_30' title='bbox 385 928 450 970; x_wconf 86' lang='lat' dir='ltr'>una</span> <span class='ocrx_word' id='word_1_31' title='bbox 468 906 630 990; x_wconf 91' lang='lat' dir='ltr'>perierunt</span> <span class='ocrx_word' id='word_1_32' title='bbox 646 907 764 991; x_wconf 80' lang='lat' dir='ltr'>gaudia</span> <span class='ocrx_word' id='word_1_33' title='bbox 781 918 899 982; x_wconf 89' lang='lat' dir='ltr'>nostra,</span> <span class='ocrx_word' id='word_1_34' title='bbox 945 987 949 996; x_wconf 35' lang='grc' dir='ltr'>Ι</span> <span class='ocrx_word' id='word_1_35' title='bbox 1181 927 1218 983; x_wconf 78' lang='lat'>95</span> 
     </span>
     <span class='ocr_line' id='line_1_7' title="bbox 180 998 851 1081; baseline 0 -18"><span class='ocrx_word' id='word_1_36' title='bbox 180 1020 265 1081; x_wconf 89' lang='lat' dir='ltr'>quae</span> <span class='ocrx_word' id='word_1_37' title='bbox 282 1009 356 1063; x_wconf 90' lang='lat' dir='ltr'>tuus</span> <span class='ocrx_word' id='word_1_38' title='bbox 375 999 408 1062; x_wconf 95' lang='lat' dir='ltr'>in</span> <span class='ocrx_word' id='word_1_39' title='bbox 426 998 492 1062; x_wconf 90' lang='lat' dir='ltr'>vita</span> <span class='ocrx_word' id='word_1_40' title='bbox 510 999 611 1063; x_wconf 89' lang='lat' dir='ltr'>dulcis</span> <span class='ocrx_word' id='word_1_41' title='bbox 629 1000 737 1064; x_wconf 91' lang='lat' dir='ltr'>alebat</span> <span class='ocrx_word' id='word_1_42' title='bbox 753 1021 851 1063; x_wconf 90' lang='lat' dir='ltr'>amor.</span> 
     </span>
    </p>

    <p class='ocr_par' dir='ltr' id='par_1_5' title="bbox 129 1089 975 1272">
     <span class='ocr_line' id='line_1_8' title="bbox 129 1089 975 1178; baseline 0.001 -21"><span class='ocrx_word' id='word_1_43' title='bbox 129 1114 236 1176; x_wconf 91' lang='lat' dir='ltr'>quem</span> <span class='ocrx_word' id='word_1_44' title='bbox 254 1114 340 1157; x_wconf 92' lang='lat' dir='ltr'>nunc</span> <span class='ocrx_word' id='word_1_45' title='bbox 357 1089 427 1156; x_wconf 75' lang='lat' dir='ltr'>tam&#39;</span> <span class='ocrx_word' id='word_1_46' title='bbox 440 1093 536 1177; x_wconf 87' lang='lat' dir='ltr'>longe</span> <span class='ocrx_word' id='word_1_47' title='bbox 555 1114 618 1156; x_wconf 91' lang='lat' dir='ltr'>non</span> <span class='ocrx_word' id='word_1_48' title='bbox 636 1093 719 1158; x_wconf 86' lang='lat' dir='ltr'>inter</span> <span class='ocrx_word' id='word_1_49' title='bbox 735 1104 811 1156; x_wconf 90' lang='lat' dir='ltr'>nota</span> <span class='ocrx_word' id='word_1_50' title='bbox 829 1093 975 1178; x_wconf 86' lang='lat' dir='ltr'>sepulcra</span> 
     </span>
     <span class='ocr_line' id='line_1_9' title="bbox 182 1187 968 1272; baseline 0.001 -21"><span class='ocrx_word' id='word_1_51' title='bbox 182 1209 243 1251; x_wconf 89' lang='lat' dir='ltr'>nec</span> <span class='ocrx_word' id='word_1_52' title='bbox 260 1209 359 1272; x_wconf 85' lang='lat' dir='ltr'>prope</span> <span class='ocrx_word' id='word_1_53' title='bbox 378 1198 529 1271; x_wconf 84' lang='lat' dir='ltr'>cognatos</span> <span class='ocrx_word' id='word_1_54' title='bbox 548 1188 747 1272; x_wconf 88' lang='lat' dir='ltr'>conpositum</span> <span class='ocrx_word' id='word_1_55' title='bbox 764 1187 895 1264; x_wconf 90' lang='lat' dir='ltr'>cineres,</span> <span class='ocrx_word' id='word_1_56' title='bbox 966 1187 968 1192; x_wconf 76' lang='grc'><strong>’</strong></span> 
     </span>
    </p>

    <p class='ocr_par' dir='ltr' id='par_1_6' title="bbox 130 1280 917 1440">
     <span class='ocr_line' id='line_1_10' title="bbox 130 1280 917 1367; baseline 0 -22"><span class='ocrx_word' id='word_1_57' title='bbox 130 1281 195 1346; x_wconf 86' lang='lat' dir='ltr'>sed</span> <span class='ocrx_word' id='word_1_58' title='bbox 214 1280 312 1345; x_wconf 85' lang='lat' dir='ltr'>Troia</span> <span class='ocrx_word' id='word_1_59' title='bbox 329 1281 477 1358; x_wconf 88' lang='lat' dir='ltr'>obscena,</span> <span class='ocrx_word' id='word_1_60' title='bbox 495 1281 593 1345; x_wconf 85' lang='lat' dir='ltr'>Troia</span> <span class='ocrx_word' id='word_1_61' title='bbox 612 1282 738 1346; x_wconf 81' lang='lat' dir='ltr'>infelice</span> <span class='ocrx_word' id='word_1_62' title='bbox 757 1281 917 1367; x_wconf 84' lang='lat' dir='ltr'>sepultum</span> 
     </span>
     <span class='ocr_line' id='line_1_11' title="bbox 183 1375 780 1440; baseline -0.002 -1"><span class='ocrx_word' id='word_1_63' title='bbox 183 1375 304 1440; x_wconf 87' lang='lat' dir='ltr'>detinet</span> <span class='ocrx_word' id='word_1_64' title='bbox 321 1385 463 1440; x_wconf 87' lang='lat' dir='ltr'>extremo</span> <span class='ocrx_word' id='word_1_65' title='bbox 481 1386 564 1440; x_wconf 87' lang='lat' dir='ltr'>terra</span> <span class='ocrx_word' id='word_1_66' title='bbox 582 1376 685 1440; x_wconf 92' lang='lat' dir='ltr'>aliena</span> <span class='ocrx_word' id='word_1_67' title='bbox 702 1377 780 1440; x_wconf 90' lang='lat' dir='ltr'>solo.</span> 
     </span>
    </p>

    <p class='ocr_par' dir='ltr' id='par_1_7' title="bbox 131 1469 1081 1648">
     <span class='ocr_line' id='line_1_12' title="bbox 131 1469 1081 1555; baseline 0.002 -21"><span class='ocrx_word' id='word_1_68' title='bbox 131 1469 296 1552; x_wconf 85' lang='lat' dir='ltr'>adquam</span> <span class='ocrx_word' id='word_1_69' title='bbox 314 1478 379 1533; x_wconf 90' lang='lat' dir='ltr'>tum</span> <span class='ocrx_word' id='word_1_70' title='bbox 398 1491 571 1554; x_wconf 87' lang='lat' dir='ltr'>properans</span> <span class='ocrx_word' id='word_1_71' title='bbox 589 1470 689 1534; x_wconf 87' lang='lat' dir='ltr'>fertur</span> <span class='ocrx_word' id='word_1_72' title='bbox 707 1469 801 1534; x_wconf 83' lang='lat' dir='ltr'>simul</span> <span class='ocrx_word' id='word_1_73' title='bbox 819 1469 961 1553; x_wconf 90' lang='lat' dir='ltr'>undique</span> <span class='ocrx_word' id='word_1_74' title='bbox 979 1469 1081 1555; x_wconf 84' lang='lat' dir='ltr'>pubes</span> 
     </span>
     <span class='ocr_line' id='line_1_13' title="bbox 184 1561 785 1648; baseline -0.002 -20"><span class='ocrx_word' id='word_1_75' title='bbox 184 1561 285 1629; x_wconf 87' lang='lat' dir='ltr'>Graia</span> <span class='ocrx_word' id='word_1_76' title='bbox 303 1563 473 1648; x_wconf 89' lang='lat' dir='ltr'>penetralis</span> <span class='ocrx_word' id='word_1_77' title='bbox 492 1564 667 1628; x_wconf 87' lang='lat' dir='ltr'>deseruisse</span> <span class='ocrx_word' id='word_1_78' title='bbox 686 1564 785 1640; x_wconf 89' lang='lat' dir='ltr'>focos,</span> 
     </span>
    </p>

    <p class='ocr_par' dir='ltr' id='par_1_8' title="bbox 134 1656 885 1837">
     <span class='ocr_line' id='line_1_14' title="bbox 134 1656 885 1741; baseline -0.003 -19"><span class='ocrx_word' id='word_1_79' title='bbox 134 1680 180 1723; x_wconf 91' lang='lat' dir='ltr'>ne</span> <span class='ocrx_word' id='word_1_80' title='bbox 198 1657 292 1729; x_wconf 88' lang='lat' dir='ltr'>Paris</span> <span class='ocrx_word' id='word_1_81' title='bbox 309 1656 448 1721; x_wconf 85' lang='lat' dir='ltr'>abducta</span> <span class='ocrx_word' id='word_1_82' title='bbox 464 1657 593 1741; x_wconf 85' lang='lat' dir='ltr'>gavisus</span> <span class='ocrx_word' id='word_1_83' title='bbox 611 1657 711 1721; x_wconf 89' lang='lat' dir='ltr'>libera</span> <span class='ocrx_word' id='word_1_84' title='bbox 729 1657 861 1722; x_wconf 87' lang='lat' dir='ltr'>moecha</span> <span class='ocrx_word' id='word_1_85' title='bbox 879 1697 885 1709; x_wconf 47' lang='grc' dir='ltr'><strong><em>ε</em></strong></span> 
     </span>
     <span class='ocr_line' id='line_1_15' title="bbox 184 1750 745 1837; baseline -0.002 -23"><span class='ocrx_word' id='word_1_86' title='bbox 184 1751 250 1815; x_wconf 86' lang='lat' dir='ltr'>otia</span> <span class='ocrx_word' id='word_1_87' title='bbox 266 1761 379 1837; x_wconf 88' lang='lat' dir='ltr'>pacato</span> <span class='ocrx_word' id='word_1_88' title='bbox 398 1751 528 1835; x_wconf 82' lang='lat' dir='ltr'>degeret</span> <span class='ocrx_word' id='word_1_89' title='bbox 544 1751 578 1815; x_wconf 90' lang='lat' dir='ltr'>in</span> <span class='ocrx_word' id='word_1_90' title='bbox 596 1750 745 1814; x_wconf 82' lang='lat' dir='ltr'>thalamo.</span> 
     </span>
    </p>

    <p class='ocr_par' dir='ltr' id='par_1_9' title="bbox 134 1844 886 2024">
     <span class='ocr_line' id='line_1_16' title="bbox 134 1844 886 1930; baseline -0.004 -20"><span class='ocrx_word' id='word_1_91' title='bbox 134 1867 206 1929; x_wconf 86' lang='lat' dir='ltr'>quo</span> <span class='ocrx_word' id='word_1_92' title='bbox 224 1845 283 1908; x_wconf 92' lang='lat' dir='ltr'>tibi</span> <span class='ocrx_word' id='word_1_93' title='bbox 301 1854 369 1908; x_wconf 90' lang='lat' dir='ltr'>tum</span> <span class='ocrx_word' id='word_1_94' title='bbox 388 1866 473 1919; x_wconf 88' lang='lat' dir='ltr'>casu,</span> <span class='ocrx_word' id='word_1_95' title='bbox 492 1845 682 1930; x_wconf 89' lang='lat' dir='ltr'>pulcerrima</span> <span class='ocrx_word' id='word_1_96' title='bbox 700 1844 886 1920; x_wconf 83' lang='lat' dir='ltr'>Laodamia,</span> 
     </span>
     <span class='ocr_line' id='line_1_17' title="bbox 185 1939 861 2024; baseline -0.003 -20"><span class='ocrx_word' id='word_1_97' title='bbox 185 1950 331 2024; x_wconf 91' lang='lat' dir='ltr'>ereptum</span> <span class='ocrx_word' id='word_1_98' title='bbox 348 1949 399 2003; x_wconf 88' lang='lat' dir='ltr'>est·</span> <span class='ocrx_word' id='word_1_99' title='bbox 414 1939 480 2003; x_wconf 87' lang='lat' dir='ltr'>vita</span> <span class='ocrx_word' id='word_1_100' title='bbox 498 1939 621 2003; x_wconf 88' lang='lat' dir='ltr'>dulcius</span> <span class='ocrx_word' id='word_1_101' title='bbox 640 1952 736 2022; x_wconf 87' lang='lat' dir='ltr'>atque</span> <span class='ocrx_word' id='word_1_102' title='bbox 755 1940 861 2002; x_wconf 89' lang='lat' dir='ltr'>anima</span> 
     </span>
    </p>

    <p class='ocr_par' dir='ltr' id='par_1_10' title="bbox 135 2032 959 2212">
     <span class='ocr_line' id='line_1_18' title="bbox 135 2032 959 2118; baseline -0.004 -20"><span class='ocrx_word' id='word_1_103' title='bbox 135 2033 341 2118; x_wconf 84' lang='lat' dir='ltr'>coniugium:</span> <span class='ocrx_word' id='word_1_104' title='bbox 360 2043 454 2097; x_wconf 90' lang='lat' dir='ltr'>tanto</span> <span class='ocrx_word' id='word_1_105' title='bbox 467 2043 497 2098; x_wconf 89' lang='lat' dir='ltr'>te</span> <span class='ocrx_word' id='word_1_106' title='bbox 516 2033 689 2096; x_wconf 85' lang='lat' dir='ltr'>absorbens</span> <span class='ocrx_word' id='word_1_107' title='bbox 707 2033 825 2096; x_wconf 91' lang='lat' dir='ltr'>vertice</span> <span class='ocrx_word' id='word_1_108' title='bbox 844 2032 959 2096; x_wconf 90' lang='lat' dir='ltr'>amoris</span> 
     </span>
     <span class='ocr_line' id='line_1_19' title="bbox 187 2126 921 2212; baseline -0.004 -21"><span class='ocrx_word' id='word_1_109' title='bbox 187 2139 293 2192; x_wconf 87' lang='lat' dir='ltr'>aestus</span> <span class='ocrx_word' id='word_1_110' title='bbox 311 2126 345 2190; x_wconf 92' lang='lat' dir='ltr'>in</span> <span class='ocrx_word' id='word_1_111' title='bbox 363 2127 535 2212; x_wconf 89' lang='lat' dir='ltr'>abruptum</span> <span class='ocrx_word' id='word_1_112' title='bbox 554 2126 709 2191; x_wconf 90' lang='lat' dir='ltr'>detulerat</span> <span class='ocrx_word' id='word_1_113' title='bbox 726 2126 921 2201; x_wconf 78' lang='lat' dir='ltr'>barathrum,</span> 
     </span>
    </p>

    <p class='ocr_par' dir='ltr' id='par_1_11' title="bbox 138 2213 973 2399">
     <span class='ocr_line' id='line_1_20' title="bbox 138 2213 973 2306; baseline -0.002 -20"><span class='ocrx_word' id='word_1_114' title='bbox 138 2222 238 2306; x_wconf 83' lang='lat' dir='ltr'>quale</span> <span class='ocrx_word' id='word_1_115' title='bbox 256 2222 364 2285; x_wconf 90' lang='lat' dir='ltr'>ferunt</span> <span class='ocrx_word' id='word_1_116' title='bbox 382 2218 462 2285; x_wconf 84' lang='lat' dir='ltr'>Grai</span> <span class='ocrx_word' id='word_1_117' title='bbox 479 2220 647 2284; x_wconf 90' lang='lat' dir='ltr'>Pheneum</span> <span class='ocrx_word' id='word_1_118' title='bbox 665 2213 763 2304; x_wconf 85' lang='lat' dir='ltr'>prope</span> <span class='ocrx_word' id='word_1_119' title='bbox 783 2217 973 2304; x_wconf 84' lang='lat' dir='ltr'>Cylleneum</span> 
     </span>
     <span class='ocr_line' id='line_1_21' title="bbox 187 2313 850 2399; baseline -0.006 -19"><span class='ocrx_word' id='word_1_120' title='bbox 187 2315 306 2380; x_wconf 89' lang='lat' dir='ltr'>siccare</span> <span class='ocrx_word' id='word_1_121' title='bbox 325 2314 447 2378; x_wconf 91' lang='lat' dir='ltr'>emulsa</span> <span class='ocrx_word' id='word_1_122' title='bbox 464 2314 584 2399; x_wconf 87' lang='lat' dir='ltr'>pingue</span> <span class='ocrx_word' id='word_1_123' title='bbox 601 2313 717 2398; x_wconf 92' lang='lat' dir='ltr'>palude</span> <span class='ocrx_word' id='word_1_124' title='bbox 737 2313 850 2388; x_wconf 88' lang='lat' dir='ltr'>solum,</span> 
     </span>
    </p>

    <p class='ocr_par' dir='ltr' id='par_1_12' title="bbox 138 2407 964 2587">
     <span class='ocr_line' id='line_1_22' title="bbox 138 2407 964 2493; baseline -0.001 -20"><span class='ocrx_word' id='word_1_125' title='bbox 138 2409 230 2493; x_wconf 89' lang='lat' dir='ltr'>quod</span> <span class='ocrx_word' id='word_1_126' title='bbox 247 2408 408 2492; x_wconf 91' lang='lat' dir='ltr'>quondam</span> <span class='ocrx_word' id='word_1_127' title='bbox 425 2408 526 2473; x_wconf 86' lang='lat' dir='ltr'>caesis</span> <span class='ocrx_word' id='word_1_128' title='bbox 545 2408 659 2471; x_wconf 87' lang='lat' dir='ltr'>montis</span> <span class='ocrx_word' id='word_1_129' title='bbox 677 2407 797 2472; x_wconf 81' lang='lat' dir='ltr'>fodisse</span> <span class='ocrx_word' id='word_1_130' title='bbox 817 2407 964 2472; x_wconf 89' lang='lat' dir='ltr'>medullis</span> 
     </span>
     <span class='ocr_line' id='line_1_23' title="bbox 188 2501 816 2587; baseline -0.002 -20"><span class='ocrx_word' id='word_1_131' title='bbox 188 2502 277 2567; x_wconf 89' lang='lat' dir='ltr'>audit</span> <span class='ocrx_word' id='word_1_132' title='bbox 295 2501 482 2587; x_wconf 81' lang='lat' dir='ltr'>falsiparens</span> <span class='ocrx_word' id='word_1_133' title='bbox 500 2501 816 2587; x_wconf 81' lang='lat' dir='ltr'>Amphitryoniades,</span> 
     </span>
    </p>

    <p class='ocr_par' dir='ltr' id='par_1_13' title="bbox 141 2595 989 2776">
     <span class='ocr_line' id='line_1_24' title="bbox 141 2595 989 2682; baseline -0.004 -19"><span class='ocrx_word' id='word_1_134' title='bbox 141 2610 287 2681; x_wconf 88' lang='lat' dir='ltr'>tempore</span> <span class='ocrx_word' id='word_1_135' title='bbox 306 2618 369 2679; x_wconf 92' lang='lat' dir='ltr'>quo</span> <span class='ocrx_word' id='word_1_136' title='bbox 388 2607 474 2660; x_wconf 85' lang='lat' dir='ltr'>certa</span> <span class='ocrx_word' id='word_1_137' title='bbox 493 2595 694 2681; x_wconf 86' lang='lat' dir='ltr'>Stymphalia</span> <span class='ocrx_word' id='word_1_138' title='bbox 712 2607 853 2661; x_wconf 90' lang='lat' dir='ltr'>monstra</span> <span class='ocrx_word' id='word_1_139' title='bbox 871 2597 989 2682; x_wconf 85' lang='lat' dir='ltr'>sagitta</span> 
     </span>
     <span class='ocr_line' id='line_1_25' title="bbox 188 2689 729 2776; baseline -0.004 -21"><span class='ocrx_word' id='word_1_140' title='bbox 188 2690 324 2776; x_wconf 88' lang='lat' dir='ltr'>perculit</span> <span class='ocrx_word' id='word_1_141' title='bbox 340 2689 474 2775; x_wconf 89' lang='lat' dir='ltr'>imperio</span> <span class='ocrx_word' id='word_1_142' title='bbox 493 2690 655 2754; x_wconf 86' lang='lat' dir='ltr'>deterioris</span> <span class='ocrx_word' id='word_1_143' title='bbox 674 2691 729 2766; x_wconf 85' lang='lat' dir='ltr'>eri,</span> 
     </span>
    </p>

    <p class='ocr_par' dir='ltr' id='par_1_14' title="bbox 146 2784 837 2962">
     <span class='ocr_line' id='line_1_26' title="bbox 146 2784 837 2871; baseline -0.003 -22"><span class='ocrx_word' id='word_1_144' title='bbox 146 2785 291 2871; x_wconf 86' lang='lat' dir='ltr'>pluribus</span> <span class='ocrx_word' id='word_1_145' title='bbox 310 2795 346 2848; x_wconf 93' lang='lat' dir='ltr'>ut</span> <span class='ocrx_word' id='word_1_146' title='bbox 364 2785 443 2848; x_wconf 88' lang='lat' dir='ltr'>caeli</span> <span class='ocrx_word' id='word_1_147' title='bbox 461 2795 614 2848; x_wconf 88' lang='lat' dir='ltr'>tereretur</span> <span class='ocrx_word' id='word_1_148' title='bbox 631 2785 727 2848; x_wconf 91' lang='lat' dir='ltr'>ianua</span> <span class='ocrx_word' id='word_1_149' title='bbox 745 2784 837 2859; x_wconf 89' lang='lat' dir='ltr'>divis,</span> 
     </span>
     <span class='ocr_line' id='line_1_27' title="bbox 188 2879 783 2962; baseline -0.003 -20"><span class='ocrx_word' id='word_1_150' title='bbox 188 2879 283 2943; x_wconf 90' lang='lat' dir='ltr'>Hebe</span> <span class='ocrx_word' id='word_1_151' title='bbox 300 2900 360 2942; x_wconf 91' lang='lat' dir='ltr'>nec</span> <span class='ocrx_word' id='word_1_152' title='bbox 378 2879 476 2962; x_wconf 86' lang='lat' dir='ltr'>longa</span> <span class='ocrx_word' id='word_1_153' title='bbox 493 2879 673 2962; x_wconf 81' lang='lat' dir='ltr'>virginitate</span> <span class='ocrx_word' id='word_1_154' title='bbox 692 2879 783 2942; x_wconf 90' lang='lat' dir='ltr'>foret.</span> 
     </span>
    </p>

    <p class='ocr_par' dir='ltr' id='par_1_15' title="bbox 143 2969 941 3150">
     <span class='ocr_line' id='line_1_28' title="bbox 143 2969 941 3048; baseline -0.004 -11"><span class='ocrx_word' id='word_1_155' title='bbox 143 2973 202 3038; x_wconf 85' lang='lat' dir='ltr'>sed</span> <span class='ocrx_word' id='word_1_156' title='bbox 220 2982 295 3036; x_wconf 89' lang='lat' dir='ltr'>tuus</span> <span class='ocrx_word' id='word_1_157' title='bbox 313 2972 396 3036; x_wconf 91' lang='lat' dir='ltr'>altus</span> <span class='ocrx_word' id='word_1_158' title='bbox 414 2992 503 3035; x_wconf 90' lang='lat' dir='ltr'>amor</span> <span class='ocrx_word' id='word_1_159' title='bbox 522 2971 670 3036; x_wconf 89' lang='lat' dir='ltr'>barathro</span> <span class='ocrx_word' id='word_1_160' title='bbox 688 2970 749 3034; x_wconf 84' lang='lat' dir='ltr'>fuit</span> <span class='ocrx_word' id='word_1_161' title='bbox 766 2969 858 3033; x_wconf 92' lang='lat' dir='ltr'>altior</span> <span class='ocrx_word' id='word_1_162' title='bbox 875 2971 941 3048; x_wconf 89' lang='lat' dir='ltr'>illo,</span> 
     </span>
     <span class='ocr_line' id='line_1_29' title="bbox 188 3064 939 3150; baseline -0.003 -20"><span class='ocrx_word' id='word_1_163' title='bbox 188 3066 243 3150; x_wconf 90' lang='lat' dir='ltr'>qui</span> <span class='ocrx_word' id='word_1_164' title='bbox 260 3076 368 3130; x_wconf 89' lang='lat' dir='ltr'>tamen</span> <span class='ocrx_word' id='word_1_165' title='bbox 385 3065 572 3129; x_wconf 89' lang='lat' dir='ltr'>indomitam</span> <span class='ocrx_word' id='word_1_166' title='bbox 590 3064 673 3129; x_wconf 89' lang='lat' dir='ltr'>ferre</span> <span class='ocrx_word' id='word_1_167' title='bbox 691 3064 803 3148; x_wconf 85' lang='lat' dir='ltr'>iugum</span> <span class='ocrx_word' id='word_1_168' title='bbox 822 3065 939 3128; x_wconf 84' lang='lat' dir='ltr'>docuit</span> 
     </span>
    </p>

    <p class='ocr_par' dir='ltr' id='par_1_16' title="bbox 147 3158 934 3338">
     <span class='ocr_line' id='line_1_30' title="bbox 147 3158 934 3242; baseline -0.005 -16"><span class='ocrx_word' id='word_1_169' title='bbox 147 3183 220 3226; x_wconf 90' lang='lat' dir='ltr'>nam</span> <span class='ocrx_word' id='word_1_170' title='bbox 238 3181 298 3224; x_wconf 92' lang='lat' dir='ltr'>nec</span> <span class='ocrx_word' id='word_1_171' title='bbox 316 3170 386 3222; x_wconf 60' lang='lat' dir='ltr'>tam*</span> <span class='ocrx_word' id='word_1_172' title='bbox 399 3181 508 3222; x_wconf 89' lang='lat' dir='ltr'>carum</span> <span class='ocrx_word' id='word_1_173' title='bbox 526 3158 670 3222; x_wconf 89' lang='lat' dir='ltr'>confecto</span> <span class='ocrx_word' id='word_1_174' title='bbox 689 3168 792 3222; x_wconf 89' lang='lat' dir='ltr'>aetate</span> <span class='ocrx_word' id='word_1_175' title='bbox 810 3158 934 3242; x_wconf 88' lang='lat' dir='ltr'>parenti</span> 
     </span>
     <span class='ocr_line' id='line_1_31' title="bbox 189 3251 765 3338; baseline -0.005 -21"><span class='ocrx_word' id='word_1_176' title='bbox 189 3276 254 3318; x_wconf 92' lang='lat' dir='ltr'>una</span> <span class='ocrx_word' id='word_1_177' title='bbox 270 3262 367 3338; x_wconf 90' lang='lat' dir='ltr'>caput</span> <span class='ocrx_word' id='word_1_178' title='bbox 384 3253 445 3316; x_wconf 92' lang='lat' dir='ltr'>seri</span> <span class='ocrx_word' id='word_1_179' title='bbox 463 3262 539 3316; x_wconf 87' lang='lat' dir='ltr'>nata</span> <span class='ocrx_word' id='word_1_180' title='bbox 555 3252 679 3330; x_wconf 88' lang='lat' dir='ltr'>nepotis</span> <span class='ocrx_word' id='word_1_181' title='bbox 699 3251 765 3326; x_wconf 90' lang='lat' dir='ltr'>alit,</span> 
     </span>
    </p>

    <p class='ocr_par' dir='ltr' id='par_1_17' title="bbox 145 3345 938 3514">
     <span class='ocr_line' id='line_1_32' title="bbox 145 3345 938 3432; baseline -0.004 -19"><span class='ocrx_word' id='word_1_182' title='bbox 145 3347 211 3432; x_wconf 86' lang='lat' dir='ltr'>qui,</span> <span class='ocrx_word' id='word_1_183' title='bbox 231 3369 304 3412; x_wconf 87' lang='lat' dir='ltr'>oum</span> <span class='ocrx_word' id='word_1_184' title='bbox 322 3346 439 3411; x_wconf 86' lang='lat' dir='ltr'>divitiis</span> <span class='ocrx_word' id='word_1_185' title='bbox 457 3346 511 3409; x_wconf 88' lang='lat' dir='ltr'>vix</span> <span class='ocrx_word' id='word_1_186' title='bbox 530 3347 659 3410; x_wconf 90' lang='lat' dir='ltr'>tandem</span> <span class='ocrx_word' id='word_1_187' title='bbox 676 3345 826 3409; x_wconf 86' lang='lat' dir='ltr'>inventus</span> <span class='ocrx_word' id='word_1_188' title='bbox 845 3346 938 3410; x_wconf 86' lang='lat' dir='ltr'>avitis</span> 
     </span>
     <span class='ocr_line' id='line_1_33' title="bbox 189 3439 783 3514; baseline -0.005 -9"><span class='ocrx_word' id='word_1_189' title='bbox 189 3462 306 3505; x_wconf 89' lang='lat' dir='ltr'>nomen</span> <span class='ocrx_word' id='word_1_190' title='bbox 324 3449 455 3505; x_wconf 84' lang='lat' dir='ltr'>testatas</span> <span class='ocrx_word' id='word_1_191' title='bbox 473 3439 580 3503; x_wconf 90' lang='lat' dir='ltr'>intulit</span> <span class='ocrx_word' id='word_1_192' title='bbox 595 3439 629 3502; x_wconf 93' lang='lat' dir='ltr'>in</span> <span class='ocrx_word' id='word_1_193' title='bbox 648 3439 783 3514; x_wconf 86' lang='lat' dir='ltr'>tabulas,</span> 
     </span>
    </p>

    <p class='ocr_par' dir='ltr' id='par_1_18' title="bbox 146 3533 773 3711">
     <span class='ocr_line' id='line_1_34' title="bbox 146 3533 758 3621; baseline -0.005 -22"><span class='ocrx_word' id='word_1_194' title='bbox 146 3535 233 3621; x_wconf 88' lang='lat' dir='ltr'>inpia</span> <span class='ocrx_word' id='word_1_195' title='bbox 251 3533 347 3599; x_wconf 90' lang='lat' dir='ltr'>derisi</span> <span class='ocrx_word' id='word_1_196' title='bbox 365 3533 491 3619; x_wconf 84' lang='lat' dir='ltr'>gentilis</span> <span class='ocrx_word' id='word_1_197' title='bbox 510 3533 628 3618; x_wconf 82' lang='lat' dir='ltr'>gaudia</span> <span class='ocrx_word' id='word_1_198' title='bbox 645 3533 758 3597; x_wconf 90' lang='lat' dir='ltr'>tollens</span> 
     </span>
     <span class='ocr_line' id='line_1_35' title="bbox 189 3625 773 3711; baseline -0.005 -19"><span class='ocrx_word' id='word_1_199' title='bbox 189 3627 323 3692; x_wconf 90' lang='lat' dir='ltr'>suscitat</span> <span class='ocrx_word' id='word_1_200' title='bbox 340 3650 360 3690; x_wconf 91' lang='lat' dir='ltr'>a</span> <span class='ocrx_word' id='word_1_201' title='bbox 377 3648 456 3691; x_wconf 91' lang='lat' dir='ltr'>cano</span> <span class='ocrx_word' id='word_1_202' title='bbox 474 3627 645 3690; x_wconf 88' lang='lat' dir='ltr'>volturium</span> <span class='ocrx_word' id='word_1_203' title='bbox 664 3625 773 3711; x_wconf 88' lang='lat' dir='ltr'>capiti:</span> 
     </span>
    </p>

    <p class='ocr_par' dir='ltr' id='par_1_19' title="bbox 148 3721 902 3901">
     <span class='ocr_line' id='line_1_36' title="bbox 148 3721 902 3805; baseline -0.003 -17"><span class='ocrx_word' id='word_1_204' title='bbox 148 3744 206 3788; x_wconf 93' lang='lat' dir='ltr'>nec</span> <span class='ocrx_word' id='word_1_205' title='bbox 224 3730 349 3785; x_wconf 88' lang='lat' dir='ltr'>tantum</span> <span class='ocrx_word' id='word_1_206' title='bbox 366 3722 459 3785; x_wconf 93' lang='lat' dir='ltr'>niveo</span> <span class='ocrx_word' id='word_1_207' title='bbox 476 3721 588 3805; x_wconf 87' lang='lat' dir='ltr'>gavisa</span> <span class='ocrx_word' id='word_1_208' title='bbox 606 3731 654 3784; x_wconf 90' lang='lat' dir='ltr'>est</span> <span class='ocrx_word' id='word_1_209' title='bbox 670 3721 736 3784; x_wconf 91' lang='lat' dir='ltr'>ulla</span> <span class='ocrx_word' id='word_1_210' title='bbox 754 3721 902 3786; x_wconf 90' lang='lat' dir='ltr'>columbo</span> 
     </span>
     <span class='ocr_line' id='line_1_37' title="bbox 191 3815 852 3901; baseline -0.002 -21"><span class='ocrx_word' id='word_1_211' title='bbox 191 3837 319 3901; x_wconf 88' lang='lat' dir='ltr'>conpar,</span> <span class='ocrx_word' id='word_1_212' title='bbox 338 3836 420 3898; x_wconf 88' lang='lat' dir='ltr'>quae</span> <span class='ocrx_word' id='word_1_213' title='bbox 438 3816 537 3879; x_wconf 92' lang='lat' dir='ltr'>multo</span> <span class='ocrx_word' id='word_1_214' title='bbox 556 3815 671 3878; x_wconf 90' lang='lat' dir='ltr'>dicitur</span> <span class='ocrx_word' id='word_1_215' title='bbox 688 3815 852 3900; x_wconf 83' lang='lat' dir='ltr'>inprobiua</span> 
     </span>
    </p>

    <p class='ocr_par' dir='ltr' id='par_1_20' title="bbox 148 3908 974 4087">
     <span class='ocr_line' id='line_1_38' title="bbox 148 3908 883 3994; baseline -0.001 -20"><span class='ocrx_word' id='word_1_216' title='bbox 148 3909 257 3974; x_wconf 87' lang='lat' dir='ltr'>oscula</span> <span class='ocrx_word' id='word_1_217' title='bbox 275 3909 432 3973; x_wconf 89' lang='lat' dir='ltr'>mordenti</span> <span class='ocrx_word' id='word_1_218' title='bbox 450 3930 576 3992; x_wconf 91' lang='lat' dir='ltr'>semper</span> <span class='ocrx_word' id='word_1_219' title='bbox 594 3908 762 3994; x_wconf 87' lang='lat' dir='ltr'>decerpere</span> <span class='ocrx_word' id='word_1_220' title='bbox 781 3919 883 3973; x_wconf 90' lang='lat' dir='ltr'>rostro</span> 
     </span>
     <span class='ocr_line' id='line_1_39' title="bbox 193 4001 974 4087; baseline 0 -21"><span class='ocrx_word' id='word_1_221' title='bbox 193 4024 288 4086; x_wconf 94' lang='lat' dir='ltr'>quam</span> <span class='ocrx_word' id='word_1_222' title='bbox 308 4024 390 4085; x_wconf 91' lang='lat' dir='ltr'>quae</span> <span class='ocrx_word' id='word_1_223' title='bbox 408 4002 583 4087; x_wconf 87' lang='lat' dir='ltr'>praecipue</span> <span class='ocrx_word' id='word_1_224' title='bbox 596 4002 762 4066; x_wconf 84' lang='lat' dir='ltr'>multivola</span> <span class='ocrx_word' id='word_1_225' title='bbox 780 4012 828 4065; x_wconf 89' lang='lat' dir='ltr'>est</span> <span class='ocrx_word' id='word_1_226' title='bbox 846 4001 974 4066; x_wconf 88' lang='lat' dir='ltr'>mulier:</span> 
     </span>
    </p>

    <p class='ocr_par' dir='ltr' id='par_1_21' title="bbox 149 4094 904 4257">
     <span class='ocr_line' id='line_1_40' title="bbox 149 4094 904 4181; baseline 0 -19"><span class='ocrx_word' id='word_1_227' title='bbox 149 4097 204 4164; x_wconf 83' lang='lat' dir='ltr'>sed</span> <span class='ocrx_word' id='word_1_228' title='bbox 224 4106 259 4161; x_wconf 90' lang='lat' dir='ltr'>tu</span> <span class='ocrx_word' id='word_1_229' title='bbox 276 4097 391 4160; x_wconf 93' lang='lat' dir='ltr'>horum</span> <span class='ocrx_word' id='word_1_230' title='bbox 409 4119 543 4181; x_wconf 85' lang='lat' dir='ltr'>magnos</span> <span class='ocrx_word' id='word_1_231' title='bbox 561 4096 663 4161; x_wconf 90' lang='lat' dir='ltr'>vicisti</span> <span class='ocrx_word' id='word_1_232' title='bbox 685 4097 752 4161; x_wconf 89' lang='lat' dir='ltr'>sola</span> <span class='ocrx_word' id='word_1_233' title='bbox 770 4094 904 4173; x_wconf 87' lang='lat' dir='ltr'>furores,</span> 
     </span>
     <span class='ocr_line' id='line_1_41' title="bbox 192 4190 903 4257; baseline -0.004 -1"><span class='ocrx_word' id='word_1_234' title='bbox 192 4202 227 4256; x_wconf 93' lang='lat' dir='ltr'>ut</span> <span class='ocrx_word' id='word_1_235' title='bbox 245 4191 344 4257; x_wconf 88' lang='lat' dir='ltr'>semel</span> <span class='ocrx_word' id='word_1_236' title='bbox 364 4211 398 4256; x_wconf 88' lang='lat' dir='ltr'>es</span> <span class='ocrx_word' id='word_1_237' title='bbox 416 4190 500 4256; x_wconf 87' lang='lat' dir='ltr'>flavo</span> <span class='ocrx_word' id='word_1_238' title='bbox 519 4191 685 4256; x_wconf 87' lang='lat' dir='ltr'>conciliata</span> <span class='ocrx_word' id='word_1_239' title='bbox 702 4191 780 4255; x_wconf 84' lang='lat' dir='ltr'>viro.</span> <span class='ocrx_word' id='word_1_240' title='bbox 902 4199 903 4204; x_wconf 77' lang='grc'>’</span> 
     </span>
    </p>
   </div>
   <div class='ocr_carea' id='block_1_3' title="bbox 0 0 1505 5004">
    <p class='ocr_par' dir='ltr' id='par_1_22' title="bbox 0 0 1505 5004">
     <span class='ocr_line' id='line_1_42' title="bbox 0 0 1505 5004; baseline 0 0"><span class='ocrx_word' id='word_1_241' title='bbox 0 0 1505 5004; x_wconf 95' lang='lat' dir='ltr'> </span> 
     </span>
    </p>
   </div>
  </div>
 </body>
</html>
