2968 4990
513 375 691 419 Annorfflo
713 376 836 420 omncs
1167 375 1220 420 011

119 517 303 578 persuasum
316 504 368 568 est,
387 497 477 555 critic.
490 517 518 574 p.
529 496 548 553 5
566 495 654 556 hosce
665 494 746 555 locos
759 495 890 572 collegit:
909 495 1126 556 Marcianis
1141 497 1219 555 las:

120 583 219 642 Cuius
232 585 275 640 uis
286 584 358 654 lteri,
369 583 467 654 libelle,
476 574 597 638 munus?
626 583 743 638 Festina
757 583 806 639 tibi
822 583 915 639 vindi
920 601 983 639 cem
996 602 1115 657 parcre.
1124 613 1167 624 -
1176 613 1220 624 ·-

121 670 265 726 Faustini
278 669 355 742 iupis
373 669 402 723 in
419 659 530 724 sinum?
565 668 675 741 sapisti.
689 697 732 708 -—
745 667 862 723 —Illo
879 669 977 724 vindi
982 685 1016 724 ce
1032 685 1082 724 nec
1097 667 1220 726 Probum

121 755 234 812 timeto.
268 751 309 810 id.
332 749 424 830 praef.
445 751 465 809 l.
484 751 564 811 VIII
585 750 624 810 ad
646 750 771 810 Domita
800 751 900 809 Omnes
922 754 1031 826 quidem
1052 753 1137 809 libelli
1157 755 1221 824 mei,

125 839 248 909 domine,
267 837 366 912 quibus
383 846 413 894 tu
427 838 541 910 famant,
566 837 597 893 id
614 845 654 894 est
671 839 765 909 vitam,
784 838 894 908 dedisti,
917 838 967 894 tibi
981 840 1160 912 supplicante
1183 847 1220 909 et,

120 932 212 1002 puto,
235 932 356 998 propter
381 922 431 978 loc
457 924 590 995 tepentun.
640 919 752 980 Statius
778 923 811 980 in
835 920 927 1000 praefi
955 920 974 979 l.
997 921 1031 980 II
1052 921 1117 980 silv.
1140 941 1162 981 s.
1184 921 1222 980 fi:

125 1008 214 1066 Haec
232 1010 442 1082 qualiacumque
455 1016 528 1078 unt,
550 1007 653 1063 Melior
670 1009 819 1078 carissime,
839 1009 865 1064 si
881 1008 930 1064 tibi
945 1025 1000 1063 non
1017 1008 1220 1081 displicuerint,

127 1114 150 1152 a
169 1102 197 1150 te
210 1093 352 1168 publicum
370 1093 518 1166 accipiant.
551 1090 657 1169 quibus
671 1109 726 1167 ego
740 1111 801 1148 non
819 1093 883 1150 sine
900 1091 998 1150 fructu
1015 1091 1131 1150 adicere
1147 1091 1222 1150 mihi

126 1176 236 1236 videor
257 1175 386 1235 Ausonii
402 1174 517 1234 XXIII
534 1174 700 1248 Schenkcl,
725 1174 806 1255 quod
832 1195 958 1247 carmen,
985 1196 1052 1235 cum
1073 1183 1167 1235 totum
1188 1179 1221 1235 in

130 1261 300 1321 Catulliani
323 1262 461 1320 carminis
482 1259 685 1319 recordatione
706 1261 834 1337 positum
856 1263 894 1320 sit
911 1259 1016 1340 hisque
1034 1260 1133 1320 verbis
1149 1263 1223 1320 inci-

127 1349 205 1426 piat,
234 1346 302 1403 ‘Cui
323 1347 394 1403 dono
416 1346 538 1420 lepidum
560 1365 658 1402 ssouum
680 1337 834 1402 libellumi’
881 1346 1048 1403 Veronensis
1074 1349 1114 1403 ait
1136 1356 1224 1421 posta

130 1433 283 1507 quondam,
302 1429 492 1489 memorabile
510 1437 554 1489 est
571 1433 614 1489 sic
630 1432 789 1502 terminari,
808 1431 851 1488 lic
865 1427 1019 1506 (Pacatus)
1032 1450 1081 1488 uos
1094 1427 1223 1506 (versus)

130 1517 261 1590 dilipere,
288 1516 331 1572 iic
353 1518 424 1572 uolet
446 1517 548 1572 tueri:
572 1515 746 1589 Ipnoscenda
773 1524 853 1589 tepet,
872 1516 997 1590 probata
1018 1517 1125 1573 tradet:
1151 1518 1223 1573 Post

129 1601 206 1657 hunc
224 1602 353 1657 iudicium
371 1603 460 1657 timete
476 1602 590 1672 nullum,
614 1599 723 1658 XXVI
742 1601 769 1673 1,
792 1598 845 1658 ubi
866 1599 970 1659 itidem
987 1619 1006 1658 a
1022 1604 1117 1678 primo
1134 1602 1223 1679 primi

130 1687 273 1762 carminis
301 1683 462 1744 Catulliani
492 1703 579 1744 versu
608 1684 757 1762 profectus
785 1682 935 1743 Ausonius
961 1687 1039 1743 inter
1064 1685 1123 1744 ulia
1149 1685 1223 1744 haec

131 1769 230 1846 addit,
248 1772 311 1827 misi
327 1772 420 1843 itaque
438 1771 477 1826 ad
493 1780 519 1827 te
536 1769 603 1827 laec
617 1770 724 1842 frivola
739 1771 832 1843 persis
848 1767 953 1827 Siculis
970 1773 1096 1839 uaniora,
1114 1780 1144 1827 ut
1163 1789 1223 1827 cnm

132 1857 198 1928 apis
223 1855 298 1926 nitu,
324 1855 391 1912 iaec
418 1857 497 1928 lepos
523 1863 558 1926 et,
585 1874 619 1912 ne
644 1855 712 1912 nitu
734 1874 814 1928 opas,
842 1856 1023 1927 defendas,
1049 1854 1175 1914 XXVII
1194 1858 1221 1928 1,

132 1950 166 1998 tu
186 1941 285 2012 facies,
306 1949 337 1996 ut
359 1941 414 1997 sint
436 1940 553 2012 aliquid.
597 1959 662 1997 nam
684 1941 743 1996 sine
766 1949 791 1996 te
813 1941 1002 2016 monosyllaba
1024 1950 1104 1998 aunt
1127 1944 1171 1998 uel
1197 1944 1224 1998 si

133 2025 205 2100 quid
219 2027 318 2082 minus.

140 2163 142 2168 .
199 2109 233 2168 Π
252 2110 269 2166 7
292 2103 313 2174 †
335 2118 361 2166 et
383 2110 544 2180 solaciolum
565 2127 628 2185 ego.
669 2117 695 2166 et
713 2128 736 2165 s.
759 2107 911 2186 Hauptius
934 2129 999 2168 cum
1012 2108 1223 2169 Lachmanno.

133 2192 188 2254 sed
210 2212 318 2252 nomen
341 2192 557 2252 substantivum
577 2213 631 2271 pro
654 2193 784 2252 subiecto
808 2193 847 2252 ad
869 2195 934 2251 libet
955 2192 1090 2253 additum
1111 2194 1148 2253 ab
1166 2215 1224 2254 usu

133 2279 279 2340 sermonis
301 2277 445 2336 abhorret
481 2276 556 2337 conf.
575 2279 682 2337 Munro
701 2278 720 2335 l.
739 2298 763 2336 c.
781 2298 809 2357 p.
830 2279 881 2336 tis.
915 2281 944 2336 in
962 2298 986 2336 s.
1004 2278 1076 2337 Itali
1100 2277 1224 2340 fortasse

133 2373 224 2423 recte.

199 2448 252 2507 11⁵
268 2455 327 2507 tres
340 2446 394 2506 hos
409 2466 511 2506 versus
522 2468 541 2506 a
553 2469 576 2507 c.
585 2449 627 2520 II,
643 2447 681 2506 ad
694 2446 773 2527 quod
787 2451 934 2525 pertinere
948 2451 1036 2507 etiam
1050 2469 1116 2508 cum
1128 2448 1224 2508 Lech«

134 2552 243 2594 manno
262 2532 412 2610 Hauptius
430 2535 544 2593 censuit
565 2532 673 2592 lacuna
688 2539 755 2611 post
772 2553 799 2590 v.
820 2534 860 2591 10
878 2540 995 2606 statuta,
1014 2535 1223 2612 praeeuntibus

136 2619 203 2678 aliis
230 2618 354 2677 seiunxi.
396 2615 472 2675 illud
498 2619 578 2677 enim
603 2617 740 2678 concludi
762 2638 789 2676 v.
810 2615 850 2678 10
871 2619 945 2678 mihi
969 2622 1223 2696 persuasissimum

136 2710 188 2775 est,
206 2721 302 2782 nequo
319 2703 361 2760 eis
379 2721 454 2780 quae
473 2699 508 2762 0.
525 2702 734 2762 Harneckerus
756 2703 788 2760 in
812 2723 909 2780 progr.
927 2703 1175 2780 Frisdebcrgensi
1197 2726 1223 2763 a.

138 2789 229 2862 1879,
248 2807 275 2865 p.
295 2788 313 2844 2
337 2784 375 2845 de
400 2790 548 2845 contraria
573 2788 700 2866 Hauptii
725 2789 872 2846 sententia
895 2786 1010 2847 rettulit
1034 2788 1165 2847 adducor
1189 2797 1224 2848 ut

137 2873 222 2932 aliter
247 2870 382 2931 iudicem.
423 2890 524 2930 verum
545 2891 618 2932 cavo
640 2874 682 2932 eis
703 2872 879 2931 adsentiaris
903 2876 954 2950 qui
980 2872 1035 2930 hoo
1056 2873 1223 2948 fragmento

138 2979 204 3018 cum
225 2955 318 3016 altero
340 2957 411 3016 item
433 2959 521 3015 trium
542 2976 679 3016 versuum
702 2955 782 3035 quod
803 2958 837 3014 in
858 2955 942 3014 libris
961 2964 1026 3034 post
1043 2978 1067 3016 c.
1085 2958 1163 3017 XIV
1182 2960 1221 3016 23

138 3051 181 3104 cst
202 3045 358 3102 coniuncto
385 3042 490 3099 scitum
510 3045 689 3119 poematium
711 3041 842 3100 effecisse
866 3040 923 3099 sibi
946 3040 1092 3101 videntur.
1132 3046 1222 3103 immo

137 3131 237 3205 inepta
252 3125 428 3205 Catulloque
446 3125 571 3202 indigna
583 3128 625 3186 sic
639 3129 730 3186 oritur
742 3129 922 3204 conparatio,
940 3128 1046 3186 mirum
1059 3131 1092 3186 in
1104 3127 1224 3188 modum

139 3212 260 3272 defensa
281 3230 318 3271 ea
340 3211 378 3270 ab
397 3210 515 3270 Suessio
532 3211 551 3269 l.
569 3232 593 3270 c.
610 3231 639 3289 p.
658 3213 686 3270 3.
730 3211 806 3271 cont.
825 3213 914 3270 etiam
931 3230 1007 3290 quae
1024 3211 1064 3270 at
1085 3233 1109 3272 c.
1126 3214 1223 3274 XIV*

140 3297 274 3358 diximus.
319 3304 448 3356 ceterum
474 3295 553 3375 quod
578 3303 667 3374 poeta
693 3317 777 3356 suum
803 3296 945 3372 gaudium
971 3317 1037 3356 cum
1062 3297 1224 3359 Atalantae

141 3385 285 3461 conponit,
312 3380 383 3440 inde
405 3380 522 3441 videtur
547 3381 648 3458 colligi
673 3400 758 3460 posse
784 3380 838 3440 hos
861 3380 1020 3440 versiculos
1043 3381 1082 3440 ad
1104 3404 1222 3460 carmen

139 3469 311 3547 pertinuisse
328 3468 360 3526 in
378 3486 436 3546 quo
454 3465 505 3525 ille
523 3465 561 3525 de
578 3467 678 3545 aliquo
695 3469 729 3525 in
746 3484 845 3526 amore
862 3466 989 3526 Lesbiae
1007 3487 1141 3528 successu
1159 3471 1223 3528 sivo

140 3573 207 3612 vero
224 3556 290 3612 sive
307 3554 427 3630 opinato
445 3559 551 3628 ageret

199 3638 285 3696 ΠΗ
309 3639 400 3712 ipsam
426 3637 461 3708 V,
490 3635 568 3716 quod
595 3635 833 3712 coniungendum
860 3656 926 3694 oum
955 3657 1095 3712 suamque.
1145 3639 1221 3696 conf.

140 3721 333 3782 Buechelerus
355 3720 394 3780 ad
415 3721 534 3780 Petron.
557 3722 605 3794 63,
633 3741 661 3799 p.
681 3723 729 3794 74,
754 3722 802 3794 20,
830 3720 1003 3781 Schwabius
1028 3742 1097 3782 ann.
1120 3722 1222 3800 philol.

142 3807 258 3867 (lXVlI
277 3807 347 3865 259.
373 3809 440 3882 ipsa
457 3823 475 3873 ς
491 3827 553 3865 non
570 3805 654 3878 nulli,
673 3814 702 3865 et
719 3809 762 3866 sic
778 3805 988 3866 Lachmannus
1005 3806 1222 3886 Hauptiusqus.

147 3947 150 3953 .
199 3893 245 3952 IV
263 3893 305 3951 20
329 3903 441 3950 uocaret
468 3891 583 3951 codices
610 3890 679 3966 (nisi
706 3891 786 3970 quod
812 3909 912 3949 vocare
939 3909 1008 3950 cura
1033 3911 1086 3969 pro
1112 3903 1223 3950 vocaret

143 3997 211 4036 aura
225 3976 275 4055 V).
311 3986 428 4051 vaporet
449 3977 599 4055 Hauptius
622 3976 658 4034 tle
681 3979 849 4036 coniecutra
869 3971 1053 4035 Lachmanni
1074 3976 1113 4034 ad
1135 3978 1222 4036 Lacr.

142 4062 188 4122 III
205 4063 275 4136 628,
298 4081 374 4142 quae
395 4069 494 4121 tamen
517 4055 680 4121 sententiae
699 4062 821 4121 minime
843 4063 989 4120 convenit.
1030 4066 1224 4141 nequeenim

142 4155 244 4208 ventus
257 4151 386 4209 incertus
400 4147 591 4224 significatur.
619 4145 656 4206 de
668 4153 812 4227 potestate
821 4144 993 4226 verbiquod
1002 4147 1225 4208 estcoconevitl.
