2976 5004
333 297 378 363 46
764 311 932 370 curuum

267 447 318 503 170
333 435 415 499 Fors
433 433 527 498 etiam
544 433 660 500 nostris
677 433 791 500 invidit
807 437 973 520 questibus
990 440 1085 506 euris.

333 529 478 614 Iuppiter
494 529 703 614 omnipotens,
720 529 842 594 utinam
858 556 899 598 ne
916 543 1059 619 ternpore
1076 537 1180 620 primo

335 621 459 688 Gnosia
475 621 650 708 Cecropiae
668 624 844 708 tetigissent
859 625 953 691 litora
968 651 1102 712 puppes,

334 717 487 781 indomito
504 739 564 782 nec
581 717 651 781 dira
668 717 772 782 ferens
790 718 948 803 stipendia
965 733 1056 786 tauro

334 811 475 896 perfidus
493 811 526 874 iu
545 808 642 875 Creta
658 811 823 896 religasset
838 813 947 879 navita
964 815 1084 892 funem,

267 917 319 971 175
334 927 394 970 neo
410 905 513 969 malus
530 904 583 969 hie
599 906 706 969 celans
722 905 809 970 dulci
826 907 966 972 crudelia
983 909 1086 975 forma

335 999 466 1064 consilia
481 999 515 1062 in
532 998 647 1062 nostris
664 999 839 1081 requiesset
855 1001 984 1066 sedibus
1001 1003 1131 1088 hospesl

334 1117 410 1157 nam
427 1114 492 1176 quo
509 1114 560 1158 me
577 1092 737 1157 referam?
758 1093 846 1176 quali
863 1117 919 1178 spe
937 1096 1061 1180 perdita
1077 1098 1180 1162 nitor?

334 1187 563 1250 Idomeneosne
579 1196 686 1270 petam
704 1187 846 1252 montes?
863 1211 892 1264 e,
911 1189 1037 1274 gurgite
1054 1191 1119 1254 lato

334 1280 499 1345 discedens
516 1280 606 1365 ponti
622 1281 836 1346 truculentum
854 1281 967 1347 dividit
984 1283 1118 1368 aequorl

266 1387 317 1441 180
333 1398 375 1439 an
392 1373 489 1459 patris
507 1373 660 1439 auxilium
677 1375 820 1458 sperem?
841 1395 978 1458 quemne
995 1377 1065 1462 ipsa
1081 1376 1195 1460 reliqui

332 1489 512 1552 respersum
528 1472 675 1531 iuvenem
692 1467 832 1530 fraterna
848 1469 945 1534 caede
962 1471 1088 1535 secute?

334 1561 477 1645 coniugis
495 1583 536 1624 en
553 1560 617 1624 fido
635 1560 778 1625 consoler
794 1572 912 1626 memet
928 1564 1055 1629 amore?

334 1653 430 1737 quine
447 1653 531 1738 fugit
546 1653 648 1717 lentos
665 1653 835 1718 incurvans
852 1656 979 1740 gurgite
995 1658 1119 1723 remos?

333 1758 498 1833 praeterea
514 1748 601 1812 nullo
618 1747 703 1823 litus,
721 1748 790 1812 sola
805 1749 919 1826 insula,
937 1761 1032 1828 tecto,

266 1854 317 1908 185
334 1864 393 1906 nec
410 1852 498 1927 petet
514 1864 661 1928 egressus
678 1843 785 1927 pelagi
801 1842 1002 1929 cingentibus
1020 1846 1129 1911 undis:

333 1936 422 2000 nulla
437 1936 534 2022 fugae
551 1935 641 2010 ratio,
659 1936 747 2000 nulla
763 1959 850 2020 spes:
870 1939 976 2002 omnia
993 1951 1092 2015 muta,

333 2031 440 2094 omnia
457 2041 532 2094 suut
548 2030 682 2104 deserta,
698 2040 858 2094 ostentant
875 2032 983 2096 omnia
999 2034 1108 2098 letum.

333 2146 398 2189 non
415 2135 522 2189 tamen
539 2135 612 2189 ante
629 2123 707 2188 mihi
723 2123 930 2209 languescent
947 2127 1068 2192 lumina
1084 2139 1198 2206 morte,

333 2240 393 2284 nec
409 2219 497 2304 prius
514 2242 535 2283 a
550 2218 635 2284 fesso
652 2219 801 2284 secedent
818 2240 948 2305 corpore
965 2243 1087 2297 sensus,

264 2325 316 2380 190
333 2335 429 2397 quam
446 2312 561 2377 iustam
579 2336 599 2376 a
615 2311 695 2376 divis
714 2334 884 2398 exposcam
901 2315 1025 2399 prodita
1042 2315 1185 2392 multam,

334 2409 568 2490 caelestumque
584 2406 680 2471 fidem
697 2420 857 2492 postrema
874 2430 1044 2493 oonpreoer
1061 2409 1149 2474 hora.
1177 2423 1179 2428 ’

332 2523 440 2585 quare,
458 2501 543 2564 facta
560 2500 663 2564 virum
680 2501 850 2566 multantes
869 2503 992 2567 vindice
1011 2526 1115 2588 poena

333 2594 526 2669 eumenides,
543 2593 660 2676 quibus
678 2595 818 2678 anguino
833 2596 979 2660 redimita
996 2597 1111 2682 capillo
1186 2657 1192 2668 ,

332 2689 421 2754 frons
438 2688 609 2773 expirantis
626 2699 807 2773 praeportat
825 2690 960 2774 pectoris
977 2690 1050 2766 iras,

263 2794 316 2849 195
331 2782 395 2848 huc
411 2783 475 2847 huc
492 2782 671 2856 adventum,
688 2803 776 2846 meas
794 2783 901 2848 audite
917 2784 1085 2866 querellae,

332 2900 411 2962 quas
429 2897 500 2962 ego,
516 2898 569 2940 me
585 2875 743 2953 miseram,
761 2877 909 2941 extremis
926 2878 1067 2963 proferre
1084 2879 1234 2945 medullis

332 2993 429 3057 cogor
445 2971 547 3055 inops,
565 2969 689 3044 ardens,
706 2971 825 3034 amenti
843 2992 938 3036 caeca
954 2971 1071 3038 frrrore.

332 3086 414 3150 quae
431 3063 581 3148 quoniam
599 3084 693 3128 verae
710 3075 884 3128 nascuntur
900 3076 1028 3149 pectore
1046 3066 1087 3131 ab
1104 3067 1182 3146 imo,

331 3181 388 3224 vos
406 3157 503 3222 nolite
519 3157 586 3242 pati
602 3167 745 3222 nostrum
762 3180 933 3224 vanescere
949 3160 1080 3236 luctum,

261 3262 315 3318 200
331 3253 386 3319 sed
404 3251 490 3336 quali
507 3252 606 3316 solam
625 3250 768 3316 Theseus
786 3274 838 3317 me
854 3262 961 3318 mente
977 3253 1115 3337 reliquit,

331 3346 386 3411 tali
402 3355 519 3421 mente,
537 3345 626 3421 dese,
644 3344 785 3411 funestet
800 3367 899 3430 seque
917 3348 1074 3430 suosque!

326 3439 388 3509 ¹hae
405 3449 575 3525 postquam
591 3449 713 3503 maesto
730 3439 872 3524 profudit
887 3449 1013 3526 pectore
1031 3462 1137 3518 voces,

331 3532 521 3618 supplicium
540 3531 643 3596 saevis
661 3553 833 3616 exposcens
851 3532 946 3597 anxia
963 3533 1068 3611 factis,

330 3627 442 3692 adnuit
457 3625 575 3689 invicto
593 3625 763 3690 caelestum
780 3626 910 3691 numine
926 3637 1040 3702 rector,

261 3735 314 3790 205
330 3740 395 3803 quo
413 3728 500 3783 motu
519 3718 612 3783 tellus
629 3726 725 3800 atque
743 3718 870 3786 horrida
887 3729 1144 3784 contremuerunt

330 3833 469 3896 aequora
485 3812 709 3894 concussitque
726 3811 874 3877 micantia
891 3813 995 3878 sidera
1012 3813 1162 3879 mundus.

329 3907 398 3993 ipse
415 3918 522 3971 autem
540 3927 636 3970 caeca
653 3917 790 3970 mentem
808 3905 943 3992 caligine
960 3905 1104 3972 Theseus

330 4001 469 4066 consitus
488 3998 585 4064 oblito
603 3997 720 4063 dimisit
738 4009 864 4084 pectore
882 4011 996 4066 cuncta

331 4115 413 4177 quae
431 4092 580 4158 mandata
597 4091 684 4178 prius
702 4093 860 4158 constanti
877 4105 981 4159 mente
1000 4093 1139 4172 tenebat,
