2968 4990
305 413 325 459 0
739 411 966 454 PBOIAEGOMENA

305 530 480 604 concideret,
499 531 525 590 si
542 548 644 592 verum
662 537 738 590 esset
755 529 835 610 quod
852 549 947 608 nuper
959 528 1107 590 Aemilius
1121 529 1279 591 Chatelain
1292 533 1333 590 in
1352 553 1412 612 pa-

305 617 496 695 laeographia
514 614 702 675 classicorum
719 615 894 674 Latinorum
908 615 1031 674 Parisiis
1048 615 1086 674 ab
1104 635 1129 674 a
1145 618 1227 676 1884
1245 616 1410 695 publicari

305 711 409 780 coepta
425 723 454 780 p.
470 702 490 759 4
507 701 670 778 suspicatus
688 708 739 773 est,
757 703 846 758 istam
863 699 1107 779 subscriptionem
1124 721 1185 760 non
1202 699 1240 759 ad
1259 701 1407 761 codicem

306 787 590 864 Sangermanenscm
605 787 708 862 ipsum,
727 783 780 844 sed
793 784 832 844 sd
845 784 1013 864 exemplum
1026 787 1098 858 eins,
1116 785 1144 843 h.
1159 805 1183 845 e.
1198 788 1408 865 apographon

304 871 374 932 libri
390 872 420 930 V
438 891 464 930 a.
484 869 565 928 1375
583 868 703 941 factum,
724 871 879 949 pertinere.
916 890 1005 950 quam
1023 869 1073 929 ille
1091 873 1289 949 suspicionem
1309 871 1407 930 duxit

305 958 436 1016 maxime
453 975 492 1014 ex
509 954 606 1012 verbis
624 954 667 1014 ‘et
685 953 794 1014 cetera’
812 958 845 1013 in
862 954 922 1014 fine
939 954 1163 1032 subscriptionis
1180 958 1293 1033 positis,
1315 957 1406 1017 unde

306 1040 365 1100 sibi
380 1042 462 1099 visus
479 1047 524 1100 est
541 1038 679 1116 colligere
695 1059 781 1118 posse
797 1048 945 1099 auctorem
961 1039 1032 1098 libri
1047 1039 1314 1116 Sangermanensis
1334 1041 1406 1101 lon-

305 1128 418 1204 giorem
435 1125 680 1202 subscriptionem
701 1127 733 1183 in
751 1124 914 1202 exemplari
935 1144 988 1183 suo
1006 1127 1158 1184 inventam
1175 1145 1209 1184 eo
1226 1125 1318 1184 modo
1338 1147 1405 1186 am-

304 1212 464 1289 putavisse.
504 1227 608 1268 verum
633 1208 687 1268 illa
713 1209 804 1269 verba
830 1208 918 1268 facile
940 1212 1030 1268 otiam
1052 1208 1141 1268 eham
1163 1209 1405 1288 explicationem

305 1294 459 1355 admittere
485 1303 619 1372 apertum
646 1301 697 1353 est.
738 1312 834 1374 neque
860 1313 915 1370 ogo
941 1293 1061 1373 quidem
1085 1296 1187 1372 paucis
1213 1294 1402 1373 quibusdam

303 1379 419 1440 mendis
438 1399 515 1459 quae
532 1382 564 1437 in
582 1378 796 1457 subscriptione
817 1382 1018 1448 inveniuntur,
1042 1385 1075 1437 ut
1092 1382 1196 1453 alliquo
1214 1387 1244 1438 et
1263 1393 1401 1454 stuppas-et

304 1485 357 1544 pro
376 1474 546 1540 suppuraret,
573 1484 697 1545 qnorum
718 1463 774 1523 hoc
796 1482 834 1523 ex
852 1462 1065 1524 consuetudine
1081 1463 1226 1522 vocabula
1242 1483 1297 1541 per
1318 1486 1401 1524 com-

303 1549 415 1629 pendia
432 1547 580 1608 scribendi
597 1557 692 1607 ortum
709 1556 762 1622 est,
784 1557 814 1608 et
829 1550 1046 1608 inconstantiae
1063 1551 1096 1607 in
1113 1567 1145 1608 re
1163 1548 1400 1628 orthographica

305 1631 394 1709 (conf.
414 1643 545 1709 comptus
564 1640 593 1693 et
611 1631 832 1711 corruptissimo)
849 1641 964 1693 tantum
979 1634 1106 1692 tribuere
1120 1636 1223 1693 ausim.
1261 1643 1399 1694 ceterum

303 1723 370 1797 ipse
392 1717 583 1778 Chatelanius
609 1721 774 1777 necessario
800 1722 943 1778 concessit
968 1721 1142 1796 scripturam
1172 1718 1241 1777 libri
1264 1719 1399 1796 Sangar-

305 1807 455 1862 manensis
477 1823 538 1861 non
558 1822 645 1881 posse
667 1823 745 1863 anno
770 1803 851 1861 1375
874 1803 966 1863 multo
987 1802 1157 1862 inferiorem
1179 1823 1251 1862 esse.
1288 1805 1347 1864 sed
1366 1813 1399 1864 ut

304 1891 472 1947 institutam
498 1887 729 1966 disputationem
753 1907 919 1967 persequar,
947 1896 1014 1966 post
1039 1887 1095 1947 hoc
1121 1896 1236 1966 tempus
1262 1893 1398 1966 vestigia

305 1973 436 2051 exempli
461 1973 640 2032 Veronensis
666 1993 765 2032 rursus
791 1980 980 2033 evanescunt.
1016 1975 1075 2032 nisi
1100 1973 1181 2052 quod
1206 1993 1267 2031 non
1293 1977 1397 2052 inpro-

304 2058 406 2119 babile
430 2067 474 2118 est
490 2059 656 2136 Baptistam
674 2057 840 2117 Guarinum
858 2077 893 2116 eo
911 2062 1001 2118 etiam
1018 2077 1104 2116 nsum
1121 2077 1192 2118 esse.
1228 2057 1260 2116 id
1279 2066 1313 2117 ut
1334 2080 1396 2119 cre·

304 2143 409 2203 damus
428 2165 488 2203 non
506 2151 567 2201 tam
584 2143 645 2202 illis
659 2142 827 2202 Alexandri
845 2141 908 2215 filii,
927 2146 979 2222 qui
994 2141 1106 2202 Catulli
1123 2146 1253 2201 carmina
1271 2164 1290 2202 a
1307 2155 1396 2221 patre

304 2228 462 2290 emendata
485 2230 619 2289 Venetiis
642 2247 667 2286 a.
692 2229 773 2286 1521
798 2226 899 2300 edidit,
927 2227 964 2287 de
987 2226 1087 2286 codice
1110 2227 1394 2306 ‘antiquissimo’

304 2318 369 2373 sive
392 2312 566 2394 ‘antiquo‘
592 2315 654 2373 sive
677 2311 845 2371 ‘vetusto‘
870 2311 1085 2372 adnotamentis
1108 2310 1158 2387 (dc
1180 2312 1289 2392 quibus
1311 2314 1394 2372 conf.

304 2398 477 2458 Schwabius
499 2401 532 2456 in
555 2396 616 2457 ind.
636 2396 725 2456 schol.
746 2398 869 2474 Dorpat.
887 2418 913 2456 a.
935 2397 1025 2470 1865,
1048 2417 1076 2475 p.
1096 2395 1196 2472 12ss.)
1215 2396 1397 2458 adducimur

304 2503 394 2562 quam
409 2482 475 2542 loco
494 2481 621 2562 quodam
638 2480 782 2559 epistulae
799 2484 997 2541 Ferrariensis
1015 2502 1041 2540 a.
1061 2482 1142 2540 1456
1161 2485 1296 2560 scriptae,
1314 2503 1395 2563 quae

305 2586 399 2645 nuper
417 2567 454 2626 ab
472 2567 610 2642 Eugenic
629 2565 737 2625 Abelio
756 2586 772 2625 a
790 2566 890 2626 codice
908 2567 1109 2646 Apponyiano
1132 2567 1284 2645 publicata
1301 2577 1396 2629 recte-

304 2672 362 2732 que
379 2651 460 2711 haud
477 2651 566 2710 dubie
583 2652 735 2728 Baptistae
753 2651 885 2711 Guarino
903 2653 1045 2711 attributa
1063 2660 1107 2712 est
1124 2653 1235 2731 ephem.
1254 2673 1393 2730 gymnas.

303 2738 452 2796 Austriac.
474 2745 493 2795 t.
515 2735 664 2809 XXXIV,
687 2756 715 2814 p.
736 2737 797 2794 164
811 2757 847 2796 ss.
886 2740 919 2795 in
941 2737 1001 2797 fine
1022 2740 1101 2796 enim
1126 2737 1214 2796 huius
1237 2739 1392 2816 epistulae,

304 2843 382 2902 quae
399 2821 438 2880 ad
455 2841 613 2902 quemnam
635 2821 705 2880 data
723 2824 760 2880 sit
777 2824 909 2898 ignorari
926 2821 1085 2881 dolendum
1103 2831 1155 2894 est,
1179 2821 1270 2882 haece
1287 2823 1393 2900 legun-

304 2916 366 2966 tur:
395 2905 559 2966 ‘Gatnllum
581 2906 633 2965 ubi
655 2906 805 2966 meliorem
826 2906 932 2980 fecero,
955 2906 993 2965 ad
1015 2910 1147 2985 proprios
1164 2907 1241 2966 lares
1259 2927 1393 2970 remeare

305 2992 497 3071 compellam!
523 2995 556 3050 in
574 2992 681 3071 quibus
698 2991 790 3051 verba
803 2994 844 3049 ud
854 2995 992 3068 proprios
1008 2995 1085 3050 lurae
1103 3013 1224 3050 runcare
1236 2995 1290 3050 vix
1308 2994 1393 3054 aliud

305 3081 466 3159 quicquam
482 3078 650 3155 significare
667 3084 790 3155 possunt
803 3097 892 3155 qnam
911 3079 1048 3136 Ver-caum
1064 3079 1165 3149 redire,
1183 3096 1239 3136 nec
1255 3081 1392 3155 ineptum

305 3162 395 3222 fuerit
418 3165 561 3240 suspicari
579 3161 754 3234 Guarinum,
774 3181 841 3220 cum
863 3164 906 3220 sic
927 3162 1074 3234 scriberet,
1093 3165 1126 3221 in
1143 3181 1262 3221 carmen
1277 3163 1394 3223 XXXI

306 3247 418 3306 Catulli
435 3246 523 3321 (conf.
542 3267 570 3304 v.
590 3243 621 3322 9)
638 3250 768 3305 iocatum
790 3264 863 3305 esse.
897 3245 1015 3305 videtur
1035 3249 1128 3323 igitur
1148 3255 1295 3306 vetustum
1313 3248 1394 3308 illud

305 3332 474 3410 exemplum
492 3334 581 3390 etiam
598 3331 695 3392 medio
710 3331 826 3392 saeculo
839 3334 942 3410 quinto
957 3330 1070 3392 decimo
1083 3333 1218 3392 Veronae
1235 3335 1267 3390 in
1282 3331 1394 3393 biblio·

305 3415 391 3474 theca
409 3415 564 3493 capitulari
582 3415 769 3476 adservatum
782 3415 912 3495 indeque
924 3415 1057 3476 Guarino
1071 3419 1182 3494 petenti
1199 3436 1252 3495 per
1268 3416 1394 3497 ahquod
1474 3451 1475 3460 κ

304 3508 421 3577 tempus
439 3499 654 3558 commodatum
672 3521 743 3561 csse.
770 3501 910 3580 deinceps
928 3501 1001 3581 quid
1019 3522 1054 3561 eo
1067 3501 1179 3561 facturn
1197 3505 1235 3560 sit
1252 3506 1392 3562 nescitur.

304 3583 358 3644 sed
381 3602 491 3657 omues,
515 3593 659 3664 quotquot
680 3586 777 3645 adhuc
794 3595 905 3661 extant,
927 3587 1018 3646 libros
1040 3591 1268 3665 manuscriptos
1286 3593 1394 3647 carmi-

303 3691 378 3730 num
396 3667 633 3729 Gatullianorum
650 3702 691 3711 -
710 3679 779 3730 sunt
800 3680 899 3731 autem
920 3671 986 3750 plus
1004 3675 1193 3749 septuaginta
1210 3691 1330 3732 numero
1348 3705 1394 3714 -

302 3775 343 3816 ex
361 3776 421 3816 uno
440 3755 496 3814 hoc
516 3755 616 3814 codice
633 3776 713 3814 nnnc
731 3759 837 3815 amisso
856 3756 1002 3817 derivatos
1020 3775 1083 3816 esse
1101 3766 1212 3817 certum
1230 3766 1260 3816 et
1275 3757 1394 3836 pridem

301 3848 490 3920 perspectum
512 3848 563 3901 est.
602 3842 713 3919 quippe
734 3844 776 3900 ita
800 3861 900 3901 omnes
922 3845 955 3900 in
976 3845 1148 3902 universum
1170 3844 1247 3902 inter
1267 3862 1299 3903 sc
1323 3863 1393 3902 con-

302 3928 436 3986 sentiunt
453 3932 486 3985 nt
503 3946 564 3985 non
580 3928 695 4004 possint
711 3946 771 3985 non
789 3946 974 3986 communem
991 3929 1135 4004 originem
1152 3927 1267 3986 habere.
1303 3936 1394 4008 atque

304 4011 593 4086 sangermanensem
611 4010 731 4091 quidem
749 4030 787 4070 ex
804 4013 868 4090 ipso
886 4013 915 4072 V
932 4011 1109 4091 descriptum
1126 4031 1189 4072 esse
1207 4015 1266 4072 iam
1284 4033 1394 4074 memo-

303 4097 444 4156 ravimus.
479 4096 559 4156 hunc
581 4096 712 4156 codicem
735 4091 798 4170 (G),
821 4100 873 4175 qui
894 4117 973 4156 nunc
994 4099 1025 4156 in
1046 4097 1225 4158 bibliotheca
1246 4100 1394 4158 nationali

302 4178 449 4255 Parisina,
473 4181 525 4242 ubi
543 4189 587 4243 est
602 4182 700 4241 Latin.
719 4203 747 4240 n.
769 4182 880 4256 14137,
900 4181 1079 4257 adservatur,
1103 4190 1169 4263 post
1188 4183 1212 4242 Ι.
1232 4183 1393 4261 Silligium,
