2976 5004
618 359 736 414 LIBER

159 476 241 543 haec
258 477 355 543 vestis
373 477 485 563 priscis
502 478 666 550 hominum
684 481 805 547 variata
822 483 931 569 figuris
988 500 992 508 '
1027 499 1044 510 ·“

160 571 295 635 heroum
313 571 393 636 mira
411 572 542 638 virtutes
559 574 680 640 indicat
696 586 774 640 arte.

159 687 299 748 namque
316 665 505 730 fluentisono
522 681 728 754 prospectans
746 668 836 734 litore
852 669 937 736 Diae

161 757 289 824 Thesea
306 760 469 826 cedentem
488 761 581 824 celeri
600 783 673 826 eum
691 762 791 827 classe
811 773 916 840 tuetur

159 851 330 917 indomitos
348 853 381 916 in
400 853 494 918 corde
512 875 626 938 gerens
643 855 788 920 Ariadna
804 854 940 932 furores,

158 945 299 1009 necdum
317 946 413 1010 etiam
431 969 500 1012 sese
517 968 600 1030 quae
618 948 692 1012 visit
708 949 810 1014 v'isere
828 950 937 1026 credit,

160 1049 197 1102 ut
214 1048 289 1123 pote
306 1040 411 1104 fallaci
429 1061 512 1123 quae
530 1053 598 1105 tum
615 1043 753 1127 primurn
772 1043 875 1107 excita
892 1065 1005 1108 somno

162 1132 319 1196 desertam
336 1133 369 1196 in
388 1134 456 1198 sola
472 1134 620 1199 miseram
638 1157 672 1200 se
690 1146 798 1200 cernat
815 1136 943 1201 harena.

159 1225 317 1290 inmemor
334 1238 367 1290 at
383 1227 507 1292 iuvenis
525 1228 651 1313 fugiens
669 1229 759 1314 pellit
776 1230 859 1294 vada
875 1231 980 1308 remis,

160 1318 256 1384 inrita
273 1330 422 1386 ventosae
439 1321 585 1404 linquens
603 1322 759 1406 promissa
776 1323 942 1407 procellae.

159 1434 258 1495 quem
275 1415 386 1499 procul
404 1438 444 1479 ex
462 1415 535 1500 alga
552 1416 681 1480 maestis
698 1416 819 1481 Minois
837 1417 944 1482 ocellis

161 1529 259 1572 saxea
276 1518 312 1572 ut
329 1509 452 1592 effigies
471 1509 655 1574 bacchantis
673 1510 835 1595 prospicit,
853 1510 946 1588 eheu,

161 1600 314 1686 prospicit
331 1612 364 1666 et
379 1603 503 1686 magnis
522 1626 670 1668 curarum
687 1604 821 1669 fluctuat
837 1604 942 1681 undis,

161 1716 225 1758 non
242 1695 324 1760 flavo
342 1696 480 1761 retinens
498 1698 648 1762 subtilem
666 1698 784 1762 vertice
802 1698 938 1774 mitram,

160 1810 226 1852 non
244 1798 389 1854 contecta
405 1790 468 1855 levi
486 1794 503 1871 ’t
520 1792 659 1856 velatum
678 1803 790 1875 peetus
808 1793 936 1868 amictu,

159 1903 227 1946 non
244 1883 336 1948 tereti
354 1883 494 1969 strophio
510 1885 656 1950 lactentis
674 1884 780 1949 vineta
797 1885 943 1970 papillas3

159 1976 268 2040 omnia
286 1998 367 2060 quae
385 1988 450 2041 toto
469 1978 599 2063 delapsa
617 2001 634 2042 e
652 1999 784 2062 corpore
802 1979 921 2064 passim

161 2070 260 2155 ipsius
280 2071 468 2156 antepedes
487 2073 601 2136 fluctus
620 2073 694 2136 salis
712 2072 917 2136 adludebant.

162 2174 211 2227 set
227 2185 332 2248 neque
348 2176 418 2228 tum
436 2164 547 2230 mitrae
565 2187 669 2249 neque
687 2176 755 2229 tum
772 2164 924 2229 fluitantis
943 2165 1076 2231 amictus

160 2257 217 2322 illa
234 2257 336 2336 vicem
355 2279 469 2322 curans
488 2269 553 2323 toto
572 2281 611 2324 ex
630 2268 660 2324 te
679 2269 818 2343 pectore,
836 2258 974 2336 Theseu,

159 2360 229 2415 toto
247 2351 362 2427 animo,
380 2361 447 2415 tota
465 2352 623 2437 pendebat
641 2351 766 2437 perdita
782 2363 897 2417 mente.

161 2467 183 2508 a
200 2444 325 2523 misera,
344 2445 483 2510 adsiduis
503 2468 599 2530 quam
616 2446 755 2511 luctibus
774 2446 951 2512 externavit

160 2538 306 2623 spinosas
323 2539 464 2623 Erycina
482 2563 588 2606 serens
605 2540 639 2606 in
656 2552 783 2626 pectore
802 2563 893 2606 curas

161 2631 217 2696 illa
234 2643 430 2717 tempestate,
448 2633 620 2716 feroxque
639 2658 678 2699 ex
697 2645 838 2719 tempore
856 2634 1000 2700 Theseus

159 2748 308 2810 egressus
327 2727 432 2791 curvis
451 2750 468 2792 e
486 2728 630 2792 litoribus
647 2727 755 2792 Piraei

159 2819 267 2906 attigit
282 2820 391 2884 iniusti
409 2821 492 2904 regis
512 2820 668 2904 Gortynia
685 2831 778 2885 tecta.

159 2937 237 2977 nam
253 2913 420 2998 perhibent
438 2913 512 2977 olim
531 2913 652 2978 crudeli
668 2927 758 2998 peste
777 2924 919 2978 coactam

162 3007 419 3092 Androgeoneae
435 3029 555 3093 poenas
573 3008 720 3072 exolvere
738 3006 842 3072 caedis

161 3101 278 3166 electos
295 3100 427 3170 iuvenes
445 3101 538 3166 simul
557 3111 589 3166 et
606 3101 702 3171 decus
721 3101 925 3184 innuptarum

163 3194 351 3280 Cecropiam
369 3195 495 3260 solitam
513 3218 582 3260 esse
600 3195 714 3279 dapem
735 3194 809 3258 dare
827 3192 1020 3258 Minotauro.

159 3288 233 3372 quis
251 3300 388 3374 angusta
405 3289 495 3354 malis
513 3311 586 3354 eum
609 3289 734 3352 moenia
751 3300 950 3362 vexarentur,

160 3383 230 3467 ipse
247 3406 339 3447 suum
358 3382 502 3448 Theseus
520 3404 578 3468 pro
596 3381 677 3447 caris
696 3402 810 3465 corpus
827 3379 964 3445 Athenis

161 3478 302 3561 proicere
320 3477 441 3561 optavit
458 3477 562 3562 potius
580 3498 676 3559 quam
694 3475 770 3538 tali'a
787 3471 917 3538 Cretam

161 3571 275 3635 funera
294 3569 467 3655 Cecropiae
485 3593 544 3634 nec
562 3569 674 3634 funera
691 3579 899 3654 portarentur.

160 3675 257 3748 atque
275 3663 319 3728 ita
335 3686 417 3728 nave
434 3664 498 3729 levi
515 3665 618 3728 nitens
636 3685 673 3727 ac
691 3663 814 3727 lenibus
832 3663 915 3726 auris

162 3759 399 3843 magnanimum
419 3758 460 3822 ad
477 3758 589 3822 Minoa
606 3757 692 3821 venit
710 3757 864 3839 sedesque
882 3755 1043 3840 superbas.

162 3852 247 3917 hunc
265 3853 359 3918 simul
378 3874 416 3918 ac
433 3852 550 3938 cupido
568 3853 731 3937 conspexit
750 3852 868 3915 lumine
887 3850 976 3934 virgo

160 3946 260 4030 regia,
278 3968 375 4031 quam
394 3948 501 4011 suavis
520 3946 666 4030 expirans
685 3956 790 4010 castus
808 3946 921 4008 odores

161 4040 295 4105 lectulus
313 4041 347 4103 in
364 4040 451 4105 molli
468 4041 625 4125 conplexu
642 4039 751 4103 matris
769 4038 885 4115 alebat,

160 4136 271 4220 quales
290 4133 431 4200 Eurotae
449 4135 644 4221 progignunt
661 4133 791 4198 flumina
807 4142 930 4218 myrtus
