2968 4990
297 336 371 382 am
681 333 865 376 ,annorsrro
884 334 1009 378 carrica

300 459 428 530 defututa
452 454 603 534 Hauptius
629 453 667 514 de
692 455 860 513 coniectura
885 454 1080 514 Lachmanni.
1106 487 1148 498 -
1176 457 1218 515 20
1244 465 1270 514 et
1299 457 1411 516 huicne

301 543 398 601 Gallia
415 552 441 599 et
457 543 532 599 metit
549 531 724 597 Britannia?
741 541 845 617 scripsi
862 540 1040 599 Munronem
1056 560 1085 618 p.
1101 542 1159 599 101
1181 549 1211 600 et
1230 542 1295 599 110
1316 563 1409 602 secu-

299 636 356 700 tus,
384 628 467 686 euius
494 627 662 684 coniectura
687 643 734 684 me
759 623 857 683 iudice
882 624 1005 703 reliquis
1031 625 1168 685 omnibus
1194 626 1287 702 longe
1313 647 1409 706 prae

300 711 424 772 terenda
450 717 502 783 est,
528 709 614 769 modo
640 712 716 766 metit
742 709 936 768 substituatur
963 730 1017 788 pro
1044 729 1079 770 eo
1106 709 1186 789 qnod
1218 710 1271 770 ille
1300 713 1410 771 voluit

299 807 389 856 metet.
424 815 495 855 nam
517 797 665 873 praesenti
689 803 819 872 tempore
835 814 909 872 opus
932 812 995 854 esse
1013 814 1080 854 cum
1097 796 1158 854 alia
1180 803 1244 854 tum
1262 815 1301 854 ea
1320 818 1411 876 quae

299 903 329 942 v.
348 883 367 940 3
386 882 452 940 etti
475 878 614 938 dicuntur
639 878 753 952 docent,
781 878 861 938 unde
887 881 1005 938 initium
1032 889 1110 939 certe
1133 881 1312 959 direptionis
1339 885 1410 942 iam

300 967 412 1027 factum
430 984 493 1024 esse
515 963 645 1043 adparat.
680 983 735 1023 nec
756 971 880 1042 possunt
901 963 1002 1022 futura
1023 967 1055 1024 in
1073 966 1207 1026 versibus
1227 966 1245 1023 5
1267 967 1284 1023 7
1308 968 1328 1024 9
1349 987 1408 1046 op-

300 1053 380 1131 poni,
407 1071 530 1129 quorum
557 1048 616 1108 elia
641 1051 717 1108 ratio
744 1056 796 1108 est.
832 1050 903 1106 duno
928 1053 1015 1124 pallia
1041 1053 1115 1108 timet
1141 1061 1167 1109 et
1195 1052 1340 1109 britannie
1361 1053 1407 1112 V.

301 1141 390 1196 timete
404 1136 524 1207 Galliae,
542 1136 613 1193 tunc
632 1137 694 1192 time
710 1136 865 1192 Britannia
877 1134 1028 1214 Hauptius
1046 1144 1113 1215 post
1125 1135 1316 1194 Lachmanni
1336 1140 1409 1196 time

300 1224 467 1293 Britannia,
492 1221 565 1278 dune
591 1222 681 1278 timete
708 1219 833 1290 Galliae,
860 1238 937 1300 quae
962 1221 1148 1280 coniecturae
1173 1219 1240 1299 plus
1266 1242 1335 1280 una
1362 1223 1408 1282 de

300 1327 389 1368 eausa
414 1305 581 1365 reinlendae
606 1313 683 1364 sunt
702 1337 745 1346 —
762 1305 834 1362 23³.
862 1323 927 1362 eone
952 1308 1067 1377 nomine,
1095 1307 1172 1363 urbia
1198 1325 1214 1362 o
1236 1309 1405 1382 putisa'nn,

299 1394 386 1452 Socer
402 1412 549 1467 penerque,
564 1392 730 1466 perdidistis
748 1381 860 1446 onnia?
887 1391 990 1468 scripsi
1009 1398 1039 1450 et
1056 1389 1187 1450 distinxi.
1225 1412 1248 1448 e.
1267 1413 1298 1448 n.
1319 1395 1405 1451 urbia

300 1480 505 1556 opulentissime
522 1474 760 1602 (appetentissimo
777 1471 817 1546 Ο)
836 1472 868 1531 S.
886 1494 914 1549 p.
929 1496 962 1551 p.
981 1495 1006 1532 o.
1025 1476 1062 1534 V.
1099 1497 1120 1534 e.
1138 1496 1166 1532 a.
1185 1477 1270 1549 ordis,
1289 1496 1307 1534 ο
1324 1481 1402 1554 piis·—

300 1567 362 1622 simi
376 1562 408 1619 S.
426 1581 464 1636 9.,
479 1582 512 1636 p.
531 1580 571 1617 o..
596 1559 748 1637 Hauptius
765 1563 872 1637 partim
884 1559 1107 1620 Lachmannum
1127 1569 1250 1619 secutus.
1287 1581 1401 1622 verum

300 1651 390 1706 omnia
416 1644 550 1705 absolute
576 1648 705 1722 positum
731 1643 821 1704 fuisse
848 1644 934 1704 docet
954 1645 1077 1723 parodia
1098 1646 1276 1722 Vergiliana
1300 1652 1402 1726 epigr.

298 1733 387 1793 1116
407 1727 480 1810 (qua
500 1738 600 1789 tamen
622 1728 787 1789 cavendum
809 1749 848 1789 ne
871 1749 937 1789 eum
955 1731 1137 1790 Baehrensio
1155 1729 1193 1788 ad
1216 1733 1402 1791 mutandum

299 1817 441 1877 traditum
466 1836 485 1874 a
510 1815 595 1874 libris
617 1814 794 1875 Catullianis
820 1814 978 1874 verborum
999 1815 1133 1876 ordinem
1155 1834 1234 1873 socer
1255 1837 1404 1894 punarque

300 1904 465 1975 abutamur,
484 1919 571 1981 quem
591 1919 685 1960 unum
701 1919 804 1959 verum
823 1919 886 1959 esse
903 1909 998 1958 totum
1014 1919 1134 1960 carmen
1148 1899 1279 1976 clamat),
1297 1911 1334 1960 ut
1352 1907 1403 1961 itte

300 2009 398 2047 ceraue
423 2006 621 2062 usquequaque
639 1988 762 2061 pertinet
789 1985 897 2043 ‘Gener
922 2005 1061 2060 saraque,
1087 1988 1256 2062 perdidistis
1279 1992 1400 2046 emnia?

300 2083 389 2154 atque
407 2093 495 2153 quam
517 2071 728 2130 convenienter
748 2073 816 2128 usui
837 2072 960 2129 istorum
981 2079 1146 2149 temporum
1163 2071 1194 2129 id
1212 2070 1331 2130 dictum
1351 2075 1399 2145 sit,

299 2159 436 2237 exempla
462 2178 480 2216 a
505 2158 652 2216 Munrone
677 2176 706 2234 p.
726 2156 787 2213 103
814 2155 937 2214 collecta
963 2155 1129 2216 ostendunt.
1172 2155 1288 2215 aceedit
1315 2158 1400 2237 quod

299 2247 456 2323 genetivus
479 2243 608 2321 quinque
629 2239 783 2300 vocabulis
805 2240 843 2298 ab
865 2259 900 2300 eo
922 2259 961 2299 ex
982 2261 1040 2320 quo
1063 2240 1192 2318 pendere
1209 2250 1337 2319 putatur
1356 2263 1400 2302 se

299 2337 421 2409 paratus
439 2345 510 2386 sane
528 2325 672 2404 displicet.
713 2324 850 2404 denique,
869 2328 921 2404 qui
939 2325 1157 2404 aequabilitatis
1175 2326 1307 2386 studium
1327 2348 1400 2407 poe·

299 2422 349 2473 tae
373 2411 530 2491 reputabit,
557 2413 585 2469 ei
606 2412 659 2468 vix
682 2408 805 2469 dubium
825 2410 976 2469 videbitur
997 2412 1078 2490 quin,
1101 2420 1135 2471 ut
1155 2432 1184 2469 v.
1204 2413 1252 2484 11,
1277 2414 1323 2470 ita
1349 2413 1398 2472 hic

300 2501 417 2578 'quoque
435 2497 525 2556 verba
543 2513 607 2552 eone
623 2497 729 2551 nomiae
746 2497 845 2554 statim
861 2499 928 2574 ipsa
945 2496 1122 2575 conpellatio
1141 2499 1299 2575 exceperit.
1341 2499 1397 2557 ita-

300 2602 358 2665 que
380 2585 456 2640 urbis
478 2600 493 2637 o
512 2582 654 2657 putioeimi
674 2581 778 2658 scripsi
795 2588 825 2638 et
846 2582 995 2653 coniunxi,
1019 2601 1077 2660 quo
1094 2581 1171 2640 nihil
1190 2590 1263 2660 puto
1281 2591 1338 2641 aut
1356 2584 1397 2642 ad

299 2671 444 2728 rationem
466 2668 555 2725 totius
577 2666 715 2724 carminis
737 2667 834 2744 aptius
856 2673 908 2724 cut
929 2665 1071 2726 librorum
1094 2669 1251 2726 memoriae
1271 2671 1396 2746 propius

298 2756 406 2826 offerri,
425 2755 579 2832 potuitque
601 2751 729 2827 priscum
752 2749 938 2824 adiectivum,
966 2771 1026 2830 quo
1051 2760 1153 2812 tamen
1179 2759 1296 2830 praeter
1318 2754 1396 2812 Van
1479 2753 1480 2765 ¹

298 2860 402 2900 ronem
432 2841 521 2898 etiam
552 2836 655 2896 Cicero
685 2855 755 2894 usus
787 2843 831 2894 est
859 2854 904 2914 ep.
928 2834 966 2894 ad
992 2835 1054 2894 Att.
1076 2838 1111 2896 II
1133 2839 1151 2894 9
1177 2840 1205 2908 1,
1235 2846 1396 2917 postquam
1477 2839 1478 2858 ³

298 2926 389 3006 plane
406 2923 558 2994 obsolevit,
577 2920 717 2980 facillime
738 2923 771 2979 in
789 2920 820 2978 id
838 2919 917 3000 quod
934 2920 1050 2980 codices
1074 2921 1217 3001 praebent
1234 2928 1394 3002 eorrumpi.

298 3029 396 3090 neque
412 3028 483 3067 vero
509 3010 696 3067 coniecturae
721 3005 808 3064 huius
831 3005 1024 3083 probabilitas
1047 3025 1081 3066 eo
1105 3007 1290 3066 imminuitur
1310 3009 1394 3087 quod

299 3096 412 3156 Caesar
428 3093 480 3153 illo
498 3113 555 3171 quo
574 3112 598 3151 c.
617 3091 730 3149 XXIX
747 3093 888 3168 scriptum
905 3098 949 3151 est
966 3099 1097 3170 tempore
1114 3112 1176 3151 non
1193 3093 1314 3166 Romae,
1339 3093 1393 3154 sed

297 3183 332 3239 in
359 3179 459 3239 Gallia
486 3177 621 3254 degebat.
665 3176 741 3234 conf.
759 3175 864 3234 Horat
883 3177 966 3255 epist.
985 3176 1002 3235 I
1021 3177 1062 3235 20
1080 3178 1129 3235 23.
1176 3186 1304 3236 ceterum
1331 3181 1393 3238 iam

298 3265 333 3322 L.
352 3262 494 3322 Muellero
517 3263 708 3337 opntisrirnei
729 3259 889 3339 aliquando
911 3263 945 3319 in
967 3268 1095 3321 mentem
1118 3263 1237 3322 venisse
1263 3282 1301 3323 ex
1325 3266 1394 3323 eius
1470 3265 1471 3268 ’

299 3348 423 3428 praefat.
442 3368 469 3425 p.
487 3346 599 3407 XVIII
616 3345 686 3405 vidi.

363 3432 459 3491 XXX
486 3434 502 3489 1
534 3433 632 3504 Alfene
669 3431 803 3510 plerique
841 3433 1036 3491 recentiorum
1076 3431 1239 3492 secundum
1279 3433 1391 3492 titulos.

297 3520 423 3596 Alpheae
439 3517 476 3589 V,
499 3515 716 3588 Lachmannus,
741 3516 899 3594 Hauptius.
921 3547 964 3558 -
986 3519 1007 3574 4
1025 3524 1055 3575 et
1072 3517 1091 3575 5
1115 3517 1154 3575 ab
1170 3518 1304 3596 Hauptio
1323 3539 1391 3579 cum

298 3605 492 3666 Lachmanno
513 3603 547 3659 in
570 3600 658 3660 finem
680 3602 818 3660 carminis
843 3603 980 3661 traiectos
1008 3600 1066 3660 hnc
1091 3605 1241 3661 revocavi.
1281 3604 1387 3682 quibus

296 3692 361 3750 illic
377 3690 499 3749 minime
517 3693 618 3765 aptum
634 3685 731 3744 locum
750 3704 813 3745 esse
830 3685 867 3745 ob
886 3689 1040 3764 repetitam
1060 3707 1095 3747 ac
1112 3686 1296 3747 debilitatam
1313 3693 1389 3766 prio·

297 3798 363 3836 rum
380 3793 518 3835 versuum
531 3774 708 3832 sententiam
725 3778 804 3830 recte
818 3771 853 3829 L.
867 3771 1029 3831 Muellerus
1043 3770 1206 3847 adnotavit,
1225 3776 1388 3852 perspicue-

297 3881 357 3942 que
374 3881 402 3918 v.
422 3860 462 3916 12
485 3855 634 3917 clausulae
662 3859 791 3934 speciem
812 3875 883 3935 prae
910 3876 941 3916 se
958 3856 1023 3915 fert.
1064 3875 1113 3914 nee
1131 3859 1163 3916 in
1180 3877 1210 3916 v.
1228 3859 1248 3917 4
1266 3879 1318 3937 pro
1336 3880 1388 3916 non

298 3950 421 4025 antiquo
447 3961 528 4002 more
554 3962 622 4001 cum
647 3941 779 4020 pondere
810 3944 938 4020 positum
965 3937 1054 4016 (conf.
1078 3941 1262 4002 Ribbeckius
1288 3947 1386 4024 partie

298 4031 365 4089 Lat.
384 4051 411 4108 p.
431 4029 471 4087 24
481 4049 502 4088 s.
521 4029 629 4088 Munro
648 4028 710 4087 crit.
728 4047 756 4106 p.
773 4028 835 4084 114
853 4034 882 4085 et
900 4026 938 4085 ad
955 4025 1071 4086 Lucret.
1086 4028 1120 4086 II
1139 4026 1201 4101 23).
1219 4059 1262 4070 -
1281 4029 1299 4087 5
1319 4032 1389 4106 quod

298 4114 335 4173 L.
353 4114 523 4174 Muellerus.
560 4133 612 4188 que
628 4112 665 4173 V.
702 4131 774 4188 quae
790 4111 891 4189 vulgo,
911 4119 940 4171 et
957 4113 999 4170 ita
1016 4113 1174 4190 Hauptius.
