2954 4990
506 433 734 476 Paonuuorfflua
1085 437 1169 480 XXXV

72 552 159 632 quod
172 559 269 612 autem
284 571 373 632 supra
386 555 561 628 negavimus
570 552 752 611 Mamurram
765 554 825 610 iam
838 550 895 611 hoc
908 560 1038 632 tempore
1052 557 1166 633 magni-

73 639 136 697 fica
156 659 209 697 sua
230 640 262 697 in
281 636 382 698 Caelio
405 645 504 696 monte
522 637 608 696 domo
631 637 796 697 extruenda
817 647 992 717 occupatum
1013 639 1112 714 fuisse,
1134 639 1167 699 id

74 723 258 782 carminibus
274 722 377 783 CXIV
389 731 420 782 ct
433 721 519 782 CXV
533 721 630 781 denuo
649 722 845 796 confirmatur,
864 725 896 782 in
910 723 1017 802 quibus
1031 724 1166 784 Catullus

73 808 163 866 illurn
182 809 219 868 ob
237 811 388 886 Ingentem
402 826 487 866 suum
500 807 609 866 saltum
621 807 804 880 Firmum,
824 810 907 867 cuius
921 809 1053 886 singulas
1068 819 1166 889 partes

74 901 240 966 enumerat,
263 897 326 952 iure
344 892 467 952 divitem
489 892 594 952 haberi
615 893 665 951 ait.
700 895 809 952 etenim
830 896 863 951 in
884 893 939 953 tali
960 893 1080 973 quidem
1101 915 1167 955 sen·

73 980 172 1037 tentia
189 978 276 1038 aedes
293 981 366 1037 istas
383 997 569 1052 marmoreas,
588 979 676 1036 etiam
695 980 720 1036 si
732 978 887 1038 incohatae
899 985 1015 1038 tantum
1032 978 1166 1054 fuissent,

75 1063 196 1122 stlentio
215 1065 374 1142 praeterire
392 1064 445 1121 vix
463 1071 492 1122 et
509 1081 547 1121 ne
570 1065 624 1121 vix
641 1061 759 1142 quidem
781 1065 884 1140 potuit.
903 1067 1022 1123 —iam
1045 1065 1083 1123 de
1105 1086 1167 1126 car-

74 1149 160 1206 mine
177 1149 349 1207 brevissimo
367 1146 477 1208 XCIII
494 1150 640 1226 in-ipsum
659 1147 816 1207 Caesarem
834 1149 912 1209 facto
930 1147 1116 1224 disseramus,
1134 1154 1167 1210 in

75 1253 138 1312 quo
155 1235 244 1311 poeta
260 1236 385 1292 nimium
402 1252 433 1292 se
451 1233 568 1292 studere
586 1240 619 1290 ut
635 1232 680 1290 illi
695 1232 813 1311 placeat
831 1239 921 1310 negat
932 1253 988 1293 nec
1001 1237 1076 1294 scire
1089 1235 1167 1296 velle

75 1320 120 1376 ait
138 1327 237 1376 utrum
259 1318 344 1376 albus
362 1338 402 1376 an
424 1325 488 1377 ater
508 1317 595 1376 homo
618 1320 664 1389 sit,
688 1336 765 1396 quae
786 1320 904 1376 insania
925 1321 991 1377 visa
1012 1327 1056 1378 est
1073 1317 1167 1392 Quin-

72 1402 182 1462 tiliano
199 1403 249 1460 XI
269 1407 285 1460 1
306 1404 354 1463 38.
382 1402 461 1482 quod
479 1405 661 1481 epigramma
679 1402 803 1462 fortasse
821 1403 874 1462 sub
892 1402 972 1462 idom
988 1411 1104 1483 tempus
1123 1414 1168 1465 est

74 1489 221 1566 scriptum
247 1494 336 1566 atque
362 1507 385 1546 c.
408 1485 489 1559 LIV,
517 1487 544 1544 h.
568 1507 592 1546 e.
619 1496 775 1566 postquam
802 1487 938 1546 Catullus
964 1508 1053 1568 quam
1079 1510 1168 1568 aegre

75 1571 191 1632 Caesar
211 1573 324 1631 iambos
348 1591 415 1632 suos
437 1573 553 1632 tulisset
575 1581 764 1652 compererat.
800 1572 852 1632 sed
872 1581 969 1651 potest
991 1577 1080 1633 etiam
1101 1584 1168 1654 post

72 1665 183 1736 poetae
197 1677 263 1716 cum
272 1657 324 1716 illo
337 1658 606 1717 reconciliationem
620 1661 761 1736 scriptum
775 1677 846 1731 esse,
860 1665 893 1716 ut
903 1660 1052 1718 Brunerus
1064 1680 1092 1739 p.
1104 1661 1165 1718 642

74 1751 186 1815 censet,
210 1741 373 1822 siquidem
394 1743 450 1802 hoc
472 1742 619 1802 distichon
640 1763 701 1802 non
723 1743 761 1802 ab
783 1745 847 1821 ipso
866 1741 984 1803 Catullo
1006 1746 1038 1804 in
1059 1745 1167 1823 vulgus

75 1827 190 1901 datum,
214 1828 265 1888 sed
283 1835 396 1886 mortuo
413 1835 502 1906 poeta
523 1828 561 1886 ab
584 1829 687 1888 amicis
707 1831 741 1887 in
762 1828 906 1887 codicillis
927 1831 990 1888 eius
1011 1831 1167 1890 inventum

73 1913 200 1991 reliquis
224 1915 444 1991 epigrammatis
470 1911 618 1972 adiectum
645 1932 708 1972 esse
734 1915 884 1972 sumimus.
903 1944 945 1954 -
961 1922 1053 1974 restat
1075 1923 1108 1974 ut
1130 1916 1167 1976 de

75 2019 102 2057 c.
126 1998 188 2057 LII
210 1998 351 2071 dicamus,
374 1999 407 2056 In
429 2018 488 2077 quo
509 2006 597 2076 poeta
617 1997 751 2057 Nonium
776 2001 809 2056 in
834 1999 908 2058 sella
935 2000 1029 2058 curuli
1055 2001 1165 2074 sedere,

73 2083 232 2144 Vatinium
254 2104 307 2163 per
329 2083 513 2142 consulatum
533 2085 680 2160 perieraro
701 2082 824 2159 indigne
846 2083 911 2142 fert.
947 2082 1027 2162 quod
1048 2104 1168 2145 carmen

75 2189 146 2228 cum
164 2177 252 2228 antea
272 2169 406 2247 plerique
428 2169 482 2227 sub
506 2171 587 2227 exitu
609 2169 680 2226 anni
705 2165 818 2245 707747
842 2170 982 2246 scriptum
1005 2187 1069 2228 esse
1091 2169 1167 2228 iudi-

75 2261 203 2327 cassent,
221 2255 331 2332 quippe
345 2273 403 2332 quo
415 2261 546 2330 ternpore
554 2254 589 2312 P.
599 2253 738 2312 Vatinius
751 2272 812 2311 una
825 2273 891 2310 cum
906 2251 942 2326 Q.
951 2254 1038 2312 Fufio
1055 2253 1166 2314 Caleno

51 2343 54 2348 ’
73 2358 131 2418 per
146 2336 302 2397 Caesarem
315 2337 418 2396 consul
430 2337 526 2398 factus
541 2346 624 2410 esset,
638 2338 695 2396 Th.
709 2338 912 2397 Mommsenus
925 2338 992 2397 hist.
1006 2339 1091 2398 Rom.
1104 2339 1164 2413 III,

74 2447 106 2504 p.
127 2425 187 2487 332
207 2423 251 2482 ed.
271 2431 344 2483 sext.
363 2422 395 2481 id
413 2443 449 2483 ex
466 2424 565 2482 verbis
584 2423 695 2482 Catulli
711 2431 792 2483 recte
809 2425 916 2483 confici
936 2425 1067 2502 negavit,
1090 2429 1166 2483 eius-

75 2529 136 2588 que
157 2511 334 2568 sententiam
359 2516 463 2588 postea
484 2508 656 2568 Schwabius
679 2529 727 2587 qu.
751 2507 815 2568 Cat.
836 2530 865 2587 p.
886 2511 925 2568 39
940 2529 977 2569 ss.
1000 2512 1165 2569 accuratius

76 2593 240 2673 explicavit
260 2595 406 2673 novisque
432 2595 613 2672 argumentis
640 2594 834 2654 confirmavit.
869 2596 922 2674 qui
945 2602 1046 2654 tamen
1072 2615 1166 2653 unum

75 2679 211 2756 neglexit
240 2680 460 2756 gravissimum,
496 2679 533 2738 de
563 2699 621 2759 quo
651 2679 775 2737 Ellisius
810 2679 929 2739 demum
964 2683 1166 2739 commentarii

74 2785 105 2844 p.
135 2765 195 2823 142
226 2766 348 2824 monuit.
393 2765 506 2824 scilicet
535 2785 561 2823 a.
590 2758 703 2843 tortas
731 2783 798 2822 cum
829 2767 1018 2841 magistratus
1049 2763 1165 2824 curules

74 2857 194 2929 praeter
216 2849 351 2910 consules
374 2868 437 2908 sero
460 2857 571 2909 creatos
590 2852 709 2908 omnino
727 2849 803 2907 nulli
821 2858 918 2910 essent
935 2847 976 2924 (v.
993 2849 1053 2909 Dio
1071 2849 1166 2908 XLII

76 2935 120 2992 20
138 2937 169 2992 4.
188 2936 227 2992 27
249 2936 276 2994 9.
296 2935 335 2992 55
355 2933 397 3008 4),
419 2935 544 3007 Nonius,
567 2937 699 3014 quisquis
718 2941 788 3006 erat,
810 2937 843 2992 in
860 2934 933 2993 sella
951 2932 1047 2992 curuli
1064 2932 1166 2993 sedere

74 3040 138 3079 non
160 3019 264 3096 potuit
299 3017 352 3077 sed
377 3025 411 3076 ut
436 3019 475 3077 ad
494 3019 648 3078 Vatinium
671 3025 860 3091 revertamur,
888 3037 975 3097 quern
1001 3025 1088 3096 poeta
1113 3038 1166 3097 per

75 3104 264 3165 consulatum
280 3105 427 3181 perierare
445 3107 495 3174 ait,
518 3123 553 3162 aa
570 3104 662 3162 verba
684 3105 773 3162 etiam
796 3103 833 3161 de
855 3101 1034 3161 confidentia
1050 3103 1166 3164 Vatinii

75 3209 138 3271 qua
154 3189 218 3248 fore
235 3187 373 3266 sperabat
385 3196 418 3246 ut
431 3187 535 3247 consul
551 3188 636 3247 fieret
648 3187 821 3262 intellegere
831 3186 910 3261 licet,
929 3187 1065 3266 hancque
1077 3188 1166 3247 inter·

75 3275 270 3354 pretationem
289 3273 382 3332 solam
399 3274 448 3332 hic
465 3272 581 3331 admitti
594 3275 804 3332 sententiarum
817 3273 891 3330 ratio
905 3271 998 3345 docet,
1017 3292 1090 3353 quas
1107 3276 1167 3333 nisi

77 3361 121 3420 sic
138 3358 196 3418 sibi
212 3361 323 3437 opponi
340 3365 502 3417 statuamus
519 3366 554 3416 ut
570 3358 644 3417 alter
665 3359 870 3435 magistratum
888 3358 1017 3437 aliquem
1035 3359 1167 3419 curulem

75 3455 186 3517 tenere,
209 3444 284 3503 alter
301 3443 487 3502 consulatum
505 3463 619 3502 summa
636 3443 746 3502 fiducia
764 3449 920 3521 expectare
937 3442 1062 3516 dicatur,
1085 3447 1166 3504 omni

77 3532 240 3590 orationem
257 3531 456 3588 concinnitate
474 3547 573 3588 carere
596 3527 726 3607 adparet.
761 3535 849 3607 atque
869 3547 902 3588 re
923 3547 995 3587 vera
1011 3530 1166 3589 Vatinium

76 3614 177 3674 multis
194 3614 281 3672 annis
299 3621 367 3672 ante
385 3634 475 3693 quam
487 3616 551 3672 voti
569 3615 614 3672 sui
632 3633 750 3691 compos
763 3613 846 3674 fieret
860 3612 1050 3692 ‘inpudenter
1063 3616 1166 3673 vatici-

78 3698 190 3758 nando'
209 3698 394 3758 consulatum
412 3717 443 3759 se
460 3717 579 3778 sperare
596 3718 684 3779 saepe
698 3698 808 3758 dixisse
823 3697 974 3758 Ciceronis
991 3702 1023 3758 in
1041 3717 1109 3758 eum
1121 3700 1166 3755 in-

77 3785 237 3860 terrogatio
260 3803 285 3844 a.
310 3779 423 3862 698l56
447 3784 549 3843 habita
571 3783 587 3858 ᾖ
607 3785 625 3841 6
649 3793 678 3844 et
702 3786 738 3842 11
764 3783 900 3842 ostendit.
937 3790 1166 3842 consentaneum

78 3877 124 3928 est
144 3876 243 3928 autem
263 3870 351 3928 istam
374 3889 456 3947 spem
477 3869 593 3929 Vatinii
619 3871 708 3928 etiam
733 3869 925 3928 vehementer
949 3876 1067 3926 auctam
1093 3885 1165 3939 esse,

77 3960 234 4034 postquam
255 3973 281 4012 a
305 3949 419 4024 699l55
443 3973 499 4033 ope
519 3956 707 4014 triumvirum
725 3954 766 4012 M.
786 3952 899 4013 Catone
922 3954 1101 4031 conpetitore
1123 3971 1167 4010 re·
1207 3998 1215 4016 .

77 4038 162 4118 pulso
179 4046 297 4117 praetor
315 4047 429 4100 creatus
447 4048 530 4099 esset.
558 4059 683 4119 cumque
700 4038 816 4119 reliqua
833 4037 944 4099 Catulli
961 4040 993 4096 in
1010 4035 1167 4096 Caesarem

77 4134 109 4184 et
127 4121 320 4184 Caesarianos
338 4127 470 4184 carmina
482 4126 590 4198 omnia,
609 4133 642 4183 ut
655 4123 793 4197 vidimus,
811 4131 864 4181 aut
880 4124 913 4180 in
926 4141 1037 4180 annum
1051 4117 1165 4200 statos

79 4216 131 4269 aut
148 4210 179 4267 in
197 4211 332 4288 proxime
348 4212 552 4290 insequentem
566 4209 682 4284 cadant,
700 4229 760 4268 non
772 4216 870 4288 potest
883 4205 1006 4268 dubium
1019 4226 1082 4268 esse
1096 4211 1168 4287 quin

962 4303 979 4346 0
985 4301 999 4329 1
