2976 5004
615 396 732 452 LIBER

204 529 274 598 aut,
293 519 319 586 si
338 528 370 585 te
388 519 510 584 nummi
528 520 697 597 delectant,
716 517 826 585 desine
843 540 962 603 quaeso

250 615 324 681 leno
342 637 411 682 esse
429 625 524 700 atque
540 615 626 680 idem
644 637 758 681 saevus
776 625 810 680 et
825 613 1008 679 indomitus.
1060 704 1066 718 ι

635 1055 724 1122 CIV.

208 1174 325 1241 Credis
342 1197 393 1241 me
411 1175 551 1261 potuisse
569 1198 658 1242 meae
676 1174 864 1240 maledicere
881 1174 976 1252 vitae,

254 1271 410 1335 ambobus
427 1271 504 1335 mihi
522 1291 604 1354 quae
623 1271 724 1336 carior
741 1281 790 1335 est
806 1270 925 1335 oculis?

208 1386 276 1429 non
293 1364 393 1449 potui,
410 1387 480 1441 neo,
497 1365 524 1430 si
542 1387 678 1451 possem,
697 1375 762 1428 tam
779 1363 902 1449 perdite
919 1385 1070 1428 amarem.

253 1458 310 1523 sed
328 1470 364 1522 tu
381 1479 455 1522 cum
471 1458 628 1545 Tappone
646 1459 753 1523 omnia
770 1467 909 1523 monstra
926 1457 1016 1522 facis.

594 1687 766 1703 m

649 1899 719 1967 CV.

208 2017 361 2084 Mentula
378 2029 510 2083 conatur
526 2017 675 2103 Pipleum
693 2016 845 2082 scandere
863 2028 1018 2084 montem:

254 2135 365 2178 musae
383 2113 515 2178 furcillis
533 2112 739 2198 praecipitem
757 2111 884 2177 eiciunt.

597 2343 766 2356 ..ι-

635 2551 726 2620 CVI.

213 2672 302 2738 Cum
319 2694 419 2758 puero
437 2672 521 2736 bello
538 2694 727 2757 praeconem
746 2672 801 2756 qui
818 2671 905 2737 videt
922 2695 1002 2751 esse,

258 2766 337 2852 quid
354 2766 473 2844 credat,
491 2767 552 2832 nisi
570 2789 604 2832 se
622 2767 758 2833 vendere
776 2766 960 2852 discupere?

629 3207 736 3275 CVII.

216 3328 256 3396 Si
273 3326 349 3413 quoi
366 3325 443 3411 quid
462 3325 577 3412 cupido
595 3327 780 3413 optantique
797 3325 911 3412 obtigit
928 3350 1081 3412 umquam

260 3421 445 3506 insperanti,
463 3420 523 3485 hoc
545 3432 594 3485 est
610 3430 737 3508 gratum
755 3421 860 3486 animo
878 3423 1015 3508 proprie.

215 3538 315 3600 quare
333 3515 394 3580 hoc
411 3524 460 3579 est
476 3525 603 3598 gratum
621 3514 776 3597 nobisque
793 3525 842 3579 est
858 3516 961 3580 carius
980 3539 1068 3595 auro,

260 3609 347 3692 quod
365 3619 396 3673 te
414 3607 562 3685 restituis,
580 3608 711 3685 Lesbia,
730 3609 773 3673 mi
791 3609 918 3694 cupido,

216 3701 356 3768 restituis
375 3701 491 3786 cupido
507 3707 604 3786 'atque
622 3703 805 3786 insperanti,
824 3704 894 3788 ipsa
910 3704 1009 3768 refers
1027 3718 1059 3770 te

260 3796 362 3861 nobis.
408 3817 427 3858 o
445 3795 550 3861 lucem
568 3797 749 3861 candidiore
766 3797 856 3861 notul

216 3890 290 3974 quis
309 3911 442 3954 menno
460 3889 538 3956 vivit
554 3890 686 3966 felicior,
705 3901 761 3954 aut
777 3891 879 3974 magis
897 3890 957 3956 hac
975 3913 1025 3956 res

262 3982 417 4070 optandas
435 3982 501 4048 vita
518 3983 622 4050 dicere
640 3984 711 4068 quis
729 3983 863 4070 poterit?

602 4182 773 4196 μ-ι-ι-ι-υ

1211 3711 1232 3767 ὖ
