2968 4990
801 330 970 389 GATULLI

439 466 494 522 cut
511 453 638 542 pinguis
655 453 781 520 Umber
798 466 852 519 aut
870 455 985 521 obesus
1003 455 1158 524 Etruscus

439 560 495 616 aut
510 549 700 614 Lanuvinus
717 558 786 614 ater
802 559 898 632 atque
915 549 1063 615 dentatus

440 654 496 710 aut
511 642 770 728 Transpadanus,
789 651 825 706 ut
841 663 930 709 meos
947 665 1076 728 quoque
1095 644 1261 731 attingam,

318 763 320 774 ¹
439 748 495 803 aut
512 737 568 820 qui
584 737 674 802 lubet
690 736 744 819 qui
763 735 883 820 puriter
899 737 977 802 lavit
994 738 1116 814 dentes,

439 842 546 896 tamen
563 830 706 896 renidere
723 851 824 914 usque
841 852 969 915 quaque
986 841 1017 896 te
1034 832 1164 897 nollem:

439 949 514 990 nam
530 925 596 990 risu
611 924 719 1010 inepto
736 946 787 988 res
803 924 940 1010 ineptior
955 925 1082 992 nullast

439 1041 524 1083 nunc
542 1017 684 1084 Celtiber
700 1040 750 1082 es:
774 1016 945 1084 Celtiberia
952 1018 996 1083 .in
1013 1028 1107 1096 terra,

439 1113 525 1197 quod
542 1112 678 1196 quisque
695 1112 817 1189 minxit,
835 1111 897 1177 hoc
914 1112 975 1176 sibi
993 1113 1073 1179 solet
1089 1135 1184 1179 mane

316 1235 319 1248 ¹
439 1207 567 1272 dentem
584 1215 680 1289 atque
697 1227 822 1270 russam
839 1205 995 1271 defricare
1011 1206 1185 1293 gingivam‚

441 1310 558 1383 utque
577 1299 636 1364 iste
654 1308 758 1364 vester
775 1299 943 1384 expolitior
960 1299 1038 1365 dens
1057 1311 1114 1377 est,

440 1393 501 1459 hoc
519 1403 550 1459 te
568 1392 704 1479 amplius
722 1392 842 1459 bssrisse
859 1393 1021 1478 praedicet
1036 1393 1107 1458 loti

848 1707 926 1773 XL.

521 1826 689 1910 Quaenam
707 1839 738 1892 te
756 1828 840 1893 mala
856 1850 956 1904 mens,
976 1825 1247 1904 miselleRavide,

521 1924 588 2009 agit
604 1923 808 2010 praecipitem
825 1922 859 1987 in
876 1945 963 1987 meos
981 1923 1122 1989 iambos?

521 2018 594 2101 quis
617 2017 695 2083 deus
714 2016 771 2081 tibi
787 2037 853 2080 non
870 2015 951 2081 bene
968 2017 1140 2081 advocatus

521 2111 689 2176 vecordem
706 2120 798 2195 parat
815 2109 952 2176 excitare
969 2109 1090 2174 rixam?

525 2203 581 2290 [an
597 2213 634 2268 ut
651 2203 817 2288 pervenias
835 2203 868 2267 in
886 2224 942 2268 ora
958 2201 1081 2290 vulgii]

522 2297 600 2381 quid
618 2297 684 2362 vis?
706 2319 769 2379 qua
786 2297 875 2362 lubet
892 2320 962 2362 esse
980 2307 1074 2363 notua
1091 2296 1201 2382 optas?
1254 2346 1256 2350 -

521 2391 593 2476 eris,
613 2390 869 2474 quandoquidem
887 2413 975 2456 meos
994 2412 1124 2480 amores

522 2479 595 2548 cum
612 2484 709 2570 longa
726 2484 853 2550 voluisti
871 2507 977 2550 amare
994 2506 1108 2572 poena.

801 2669 972 2684 —A—-u

767 2825 768 2828 ¹
838 2797 935 2864 XLI.

547 2918 700 2985 Ametina
716 2911 823 3005 puella
842 2917 986 2984 defututa

547 3024 614 3078 tota
630 3012 717 3077 milia
733 3035 785 3077 me
803 3011 914 3076 decem
931 3009 1086 3096 poposcit,

546 3106 608 3171 ista
624 3105 781 3191 turpiculo
799 3104 906 3192 puella
921 3126 1009 3180 naso,

547 3199 721 3265 decoctoris
738 3198 840 3263 amica
857 3197 1029 3262 Fomriani.

547 3291 726 3378 propinqui,
745 3291 860 3375 quibus
879 3302 926 3358 est
942 3292 1048 3376 puella
1067 3311 1170 3368 curae,

548 3383 666 3451 amicos
683 3385 885 3469 medicosque
904 3395 1089 3450 convocate:

547 3499 611 3544 non
629 3490 677 3544 est
694 3503 771 3544 sana
788 3480 903 3564 puella.
947 3501 1006 3544 neo
1023 3489 1144 3563 rogate,

547 3572 649 3657 qualis
667 3573 720 3638 sit:
738 3573 838 3638 solide
855 3584 905 3638 est
920 3572 1103 3659 imaginosa

831 3896 945 3962 XLH.

546 4014 678 4093 Adeste,
696 4013 962 4100 hendecasyllabi,
981 4023 1059 4098 quot
1075 4013 1150 4079 estis

549 4130 659 4175 omnes
678 4108 829 4195 undique,
847 4118 1003 4194 quotquot
1020 4106 1094 4174 estis
1111 4127 1231 4172 omnes.
