2954 4990
410 1083 902 1169 PROLEGOMENA.

173 1377 220 1435 De
235 1379 298 1435 vita
313 1375 473 1435 OsValerii
488 1375 599 1435 Catulli
612 1376 791 1436 Veronensis
805 1395 881 1454 quae
896 1382 1045 1454 comperta
1058 1373 1202 1433 habemus

108 1461 250 1540 pleraque
272 1463 364 1540 ipsius
387 1461 565 1519 carminibus
588 1460 746 1534 debentur3
770 1481 867 1538 pauca
889 1460 1012 1520 aliunde
1036 1463 1201 1538 accepimus

109 1565 207 1626 neque
226 1565 261 1604 ea
278 1548 377 1604 omnia
393 1545 452 1604 fide
470 1545 570 1622 digna.

174 1630 225 1689 Ad
242 1633 362 1690 nomina
379 1637 484 1710 poetae
502 1629 581 1709 quod
599 1633 712 1698 attinet,
737 1632 911 1706 cognomine
931 1649 984 1689 suo
1003 1648 1035 1689 ss
1056 1629 1120 1708 ipse
1139 1648 1202 1688 sae-

110 1719 177 1794 pius
191 1715 353 1794 adpellavit
367 1715 456 1792 (conf.
466 1716 558 1774 index
572 1715 620 1774 Is.
634 1735 662 1772 v.
678 1713 862 1790 ‘Catullus’).
891 1735 1001 1774 nomen
1016 1713 1200 1792 gentilicium

112 1801 247 1860 Suetonii
271 1804 303 1860 in
330 1801 386 1859 Iul.
411 1801 450 1858 73
478 1801 662 1878 aliorumque
688 1802 863 1860 testimoniis
891 1808 1013 1858 constat.
1056 1799 1093 1858 de
1119 1819 1202 1878 prae·

111 1888 230 1945 nomine
249 1887 346 1946 adhuc
357 1888 475 1944 variant
493 1886 664 1944 sententiae.
697 1888 779 1964 atqui
792 1894 858 1964 post
873 1893 1041 1944 accuratam
1055 1884 1202 1943 Ludovici

112 1971 261 2032 Schwabii
283 1972 319 2031 de
347 1990 382 2030 ea
407 1991 439 2029 re
466 1970 693 2048 disputationem
723 1971 755 2027 in
777 1971 999 2049 quaestionibus
1024 1969 1200 2028 Catullianis

110 2077 139 2134 p.
163 2059 181 2116 9
206 2077 241 2116 ss.
270 2055 359 2132 (conf.
388 2058 477 2114 etiam
498 2057 537 2114 H.
555 2055 593 2112 A.
615 2055 639 2112 I.
663 2055 770 2113 Munro
797 2058 829 2114 in
856 2055 932 2114 libro
954 2057 1006 2133 qui
1032 2056 1202 2114 inscribitur

113 2143 279 2200 ‘criticisms
302 2140 362 2200 and
384 2140 578 2200 elucidatione
601 2140 635 2197 of
650 2138 806 2213 Catullus',
830 2161 858 2218 p.
880 2140 918 2197 68
933 2138 968 2217 s.)
993 2139 1123 2198 dubitari
1140 2159 1201 2198 nou

110 2235 207 2305 potest
229 2229 301 2305 quin
326 2234 414 2305 poeta
438 2226 549 2286 Gaius
578 2225 671 2283 dictus
694 2224 795 2298 fuerit,
823 2233 855 2282 ut
881 2235 910 2283 et
930 2225 1135 2302 Hieronymus
1161 2224 1201 2283 ad

110 2311 236 2370 Eusebii
257 2311 357 2370 chron.
381 2331 405 2368 a.
423 2311 497 2369 Abr.
517 2311 607 2383 1930,
631 2313 649 2368 i.
671 2329 694 2369 e.
713 2310 883 2381 Suetonius
908 2317 937 2368 et
952 2308 1098 2388 Apuleius
1123 2310 1200 2388 apol.

112 2415 137 2454 c.
153 2399 201 2469 10,
216 2417 244 2475 p.
261 2396 298 2454 15
310 2397 363 2454 Kr.
377 2395 506 2454 tradunt.
535 2403 637 2454 contra
654 2414 777 2473 quorum
795 2396 914 2454 testium
932 2413 1107 2454 eonsensum
1125 2395 1201 2453 nihil

110 2482 192 2541 valet
214 2481 306 2560 quod,
334 2501 401 2540 curn
426 2481 561 2540 meliores
588 2479 703 2538 codices
727 2479 890 2538 Catulliani
916 2479 1011 2538 solum
1037 2500 1201 2558 cognomen

110 2575 215 2645 poetae
233 2567 402 2644 praebeant,
421 2574 559 2646 quattuor
573 2564 642 2624 libri
654 2567 849 2624 recentissimi
862 2573 891 2624 et
907 2564 1099 2624 multifariam
1112 2568 1201 2626 inter·

110 2651 213 2732 prolati,
237 2653 381 2724 Batauus,
404 2650 627 2722 Riccardianus‚
653 2649 840 2724 Octauianus,
865 2648 1052 2710 Golbcrtinus
1076 2650 1136 2727 (hic
1153 2671 1200 2710 ac·

113 2735 254 2797 cessit'sx
266 2737 365 2795 Ellisii
378 2735 533 2816 adparatu)
551 2754 730 2814 praenomen
744 2734 871 2808 Quinti
889 2738 921 2794 in
938 2735 1036 2796 fronte
1049 2737 1199 2797 exhibent.

112 2821 191 2902 quod
209 2825 273 2881 veri
291 2821 386 2880 simile
404 2831 447 2880 est
461 2841 477 2881 s
491 2821 584 2879 Plinii
601 2828 697 2878 natur.
712 2822 778 2878 hist.
792 2819 951 2880 XXXVII
966 2821 984 2879 6
999 2823 1038 2881 81
1055 2821 1200 2880 adscitum

113 2926 189 2975 esse,
217 2907 282 2978 ubi,
310 2926 376 2964 curn
403 2906 497 2966 codex
524 2909 654 2964 omnium
680 2908 807 2984 optImus
828 2905 1057 2982 Bambergensis
1082 2907 1156 2964 haec
1182 2927 1200 2964 a

112 2994 254 3070 scriptore
271 2992 404 3068 profecta
421 3010 484 3050 esse
498 2989 608 3062 doceat,
628 2991 739 3048 Nouius
753 3001 875 3062 senator,
892 2991 968 3060 filius
987 3000 1109 3048 strumae
1123 2991 1201 3048 Noui

113 3080 171 3134 uus
190 3095 267 3150 quera
285 3075 415 3132 Catullus
429 3085 515 3150 poeta
532 3079 563 3131 r'u
584 3079 654 3132 sellu
678 3079 768 3132 curuli
784 3078 872 3132 uisum
893 3076 1004 3148 indique
1025 3077 1087 3133 tulit
1109 3071 1198 3150 (conf.

113 3153 221 3220 Oatull.
245 3180 269 3219 c.
292 3159 354 3218 LII
376 3156 417 3234 2),
444 3160 514 3218 libri
540 3160 653 3238 aliquot
683 3167 814 3218 recentes
841 3157 877 3232 Q.
904 3167 1004 3218 notam
1031 3163 1200 3237 cognomini

111 3255 216 3325 poetae
232 3245 396 3324 praefixam
413 3244 532 3317 habent,
551 3265 640 3323 quam
658 3247 721 3303 sive
740 3243 850 3302 Catulli
869 3265 935 3302 cum
955 3242 990 3318 Q.
1007 3245 1113 3305 Catulo
1132 3265 1200 3304 con-

112 3331 229 3390 fusione
252 3329 456 3389 sIvefortuito
481 3349 577 3388 errore
599 3337 719 3407 propter
740 3329 917 3389 antecedens
942 3350 1104 3408 pronomen
1126 3330 1199 3390 rela-

111 3419 205 3474 tivum
225 3415 359 3494 perfacili
377 3423 470 3474 ortam
488 3434 551 3473 esse
568 3415 731 3493 probabilis
749 3422 792 3473 est
810 3417 945 3494 suspicio.
979 3436 1055 3494 quae
1074 3436 1140 3475 cum
1156 3418 1200 3475 ita

113 3504 179 3574 sint,
198 3500 343 3577 Scaligeri
361 3503 393 3559 in
412 3500 523 3559 Catulli
546 3521 568 3558 c.
587 3499 710 3559 LXVII
729 3503 767 3556 12
791 3502 989 3560 conIecturam
1006 3501 1199 3560 Lachmauno

113 3586 238 3664 aliisque
255 3587 407 3664 probatam
425 3588 506 3644 omni
523 3585 716 3644 fundamento
736 3604 834 3644 carere
855 3585 984 3664 adparet.

176 3672 313 3731 Veronae
334 3678 437 3729 natum
460 3691 523 3730 esse
541 3669 691 3730 Catullum
709 3671 911 3748 Hieronymus
932 3671 952 3729 l.
971 3692 995 3730 c.
1019 3669 1099 3745 dicit,
1122 3690 1199 3730 eam·

113 3775 170 3836 que
187 3756 290 3816 urbem
308 3758 434 3835 patriam
452 3759 514 3815 eius
532 3755 623 3815 fuisse
645 3755 745 3814 multis
764 3755 888 3814 aliorum
911 3757 1094 3828 testimonib,
1117 3755 1200 3814 velut

113 3841 215 3902 Ovidii
233 3861 320 3899 amor.
340 3841 443 3900 11115
461 3844 488 3914 7,
508 3848 537 3900 et
554 3840 688 3900 codicum
707 3840 941 3900 Catullianorum
958 3840 1198 3920 inscriptionibus

114 3927 234 4005 stipsis
257 3929 345 3985 etiam
368 3927 546 3986 carminibus
566 3925 743 3985 Catullianis
767 3928 968 3999 confirmatur,
991 3945 1067 4006 quae
1090 3925 1199 3984 Trans·

112 4010 261 4090 padanum
286 4018 402 4090 poetam
423 4012 514 4072 fuisse
532 4012 568 4086 (c.
586 4011 731 4069 XXXIX
750 4010 811 4087 13),
834 4013 971 4071 Veronae
992 4011 1107 4089 saepius
1131 4030 1199 4069 eon·

114 4096 223 4156 sedisse
242 4093 278 4171 (c.
297 4097 422 4156 XXXV
440 4101 458 4156 3
473 4118 509 4156 ss.
527 4095 667 4157 LXVIII
686 4096 749 4172 27),
771 4117 817 4155 res
835 4097 1020 4156 Veronenses
1037 4096 1113 4156 bene
1131 4116 1198 4173 cog-

112 4183 231 4242 novisse
263 4182 299 4256 (c.
332 4182 455 4243 LXVII
485 4192 514 4242 et
545 4183 595 4260 O),
631 4201 722 4260 prope
753 4201 818 4240 eam
853 4181 956 4240 urbem
990 4181 1021 4240 in
1053 4180 1198 4241 Sirmione
