2954 4990
274 363 306 404 VI
706 360 935 404 Psoussomtrtt

274 477 450 560 paeninsula
467 497 544 558 quae
565 481 598 536 in
615 480 767 538 Benacum
788 479 886 539 lacum
907 478 1053 560 procurrit
1074 480 1177 539 villam
1199 479 1365 560 possedisse

275 565 312 642 (c.
330 562 455 638 XXXI)
473 563 609 643 produnt.

337 650 461 709 Natales
483 651 546 708 eius
568 650 769 727 Hieronymus
791 648 831 707 ad
852 670 963 708 annum
985 649 1058 709 Abr.
1082 651 1174 723 1930,
1192 651 1212 708 i.
1232 668 1256 709 c.
1276 649 1313 708 ab
1334 670 1363 708 u.

275 756 298 795 c
314 735 385 806 667,
404 736 444 792 87
463 755 489 792 a.
504 734 572 794 chr.
590 741 651 793 nat.
670 733 834 812 adscripsit.
866 753 942 813 quae
958 737 1097 814 temporis
1116 735 1247 795 definitio
1265 742 1364 793 utrum

273 820 435 899 probabilis
453 821 491 878 sit
505 837 600 878 necne
614 820 668 878 etsi
685 826 748 877 tum
767 819 892 892 demum,
911 840 978 878 curn
991 819 1031 878 ad
1047 819 1169 879 fata-lem
1182 840 1293 878 annum
1308 819 1363 878 Oa·

273 907 342 965 tulli
365 903 604 964 constituendum
626 903 785 983 disputatio
807 924 962 983 progressa
984 906 1046 978 erit,
1075 904 1232 965 diludicari
1258 911 1361 982 potest,
1459 953 1460 970 ,

275 993 415 1072 quoniam
434 990 539 1050 ambae
556 991 743 1069 quaestiones
761 991 906 1048 artissime
922 991 1000 1049 inter
1021 1009 1053 1050 se
1071 990 1240 1062 cohaerent,
1263 998 1363 1049 tamen

274 1079 373 1136 statim
391 1075 487 1133 dicam
509 1074 618 1134 habere
635 1093 683 1133 me
700 1094 753 1133 cur
773 1082 893 1152 poetam
911 1077 1042 1154 quinque
1064 1077 1151 1134 annis
1172 1081 1239 1152 post
1259 1081 1362 1134 natum
1459 1141 1460 1148 ,

274 1181 338 1222 esse
355 1163 527 1220 existimem.

337 1247 385 1305 De
403 1245 577 1305 educatione
595 1245 657 1303 eius
680 1243 756 1302 nihil
773 1250 817 1303 est
834 1243 982 1302 traditum.
1010 1243 1080 1303 inde
1098 1243 1135 1304 ab
1154 1252 1276 1322 accepta
1292 1251 1363 1320 toga

274 1330 354 1390 virili
380 1330 560 1389 carminibus
587 1331 735 1387 amatoriis
763 1347 794 1388 se
825 1349 944 1408 operam
971 1328 1087 1389 dedisse
1112 1331 1176 1409 ipse
1207 1330 1363 1388 confitetur

274 1438 297 1476 c.
320 1416 460 1475 LXVIII
485 1415 522 1473 15
542 1434 578 1473 ss.
603 1421 731 1473 ceterum
753 1412 1007 1473 adulescentulum
1034 1416 1122 1474 etiarn
1149 1434 1215 1474 eum
1237 1415 1362 1473 Romam

274 1503 481 1578 commigrasse
498 1506 587 1579 patet,
611 1517 707 1577 neque
725 1499 799 1556 mihi
817 1497 940 1557 dubium
961 1506 1005 1558 est
1022 1502 1094 1579 quin
1116 1498 1158 1559 ibi
1175 1499 1289 1559 Valerii
1307 1498 1362 1558 (la-

272 1589 350 1646 tonis
374 1585 571 1662 grammatici,
594 1583 744 1663 popularis
766 1585 825 1656 sui,
848 1583 1006 1662 disciplina
1028 1604 1098 1643 usus
1121 1587 1170 1657 sit,
1194 1604 1254 1664 qua
1276 1584 1313 1644 de
1329 1603 1362 1643 ro

272 1671 352 1730 infra
369 1670 544 1749 explicatius
567 1686 656 1744 agere
673 1670 705 1726 in
726 1669 825 1726 animo
844 1675 895 1727 est.
931 1676 1019 1748 atquc
1040 1671 1074 1728 in
1095 1668 1151 1728 hoc
1173 1669 1251 1728 orbis
1273 1677 1362 1728 terra·
1460 1719 1461 1722 ,

272 1777 338 1816 rum
356 1757 452 1834 capite
472 1760 648 1832 perpetuum
669 1772 755 1812 suurn
773 1753 954 1812 domicilium
978 1754 1157 1827 conlocavit,
1180 1761 1214 1812 ut
1234 1756 1299 1833 ipse
1320 1757 1363 1812 ait

273 1842 292 1900 l.
311 1863 335 1900 c.
353 1861 381 1898 v.
398 1841 438 1899 34
452 1860 489 1898 s:
517 1839 642 1897 ‘Romae
659 1840 803 1896 vivimus:
821 1839 873 1896 illa
891 1838 1002 1911 domus,
1021 1839 1081 1898 Illa
1098 1838 1172 1898 mihi
1189 1838 1281 1912 sedes,
1299 1839 1362 1898 illic

273 1945 339 1986 mea
357 1927 486 2003 carpitur
508 1923 607 1982 actas.’
651 1924 772 1995 Romae,
794 1931 828 1981 ut
844 1931 911 2003 post
931 1923 1105 1997 videbimus,
1129 1926 1218 1983 etiam
1240 1932 1362 1984 mortem

273 2011 354 2072 obiit.
390 2009 441 2070 scd
463 2011 591 2088 patriam
613 2008 716 2068 urbem
740 2011 857 2087 saepius
878 2010 993 2081 revisit,
1013 2017 1140 2089 suntque
1161 2009 1276 2088 aliquot
1298 2012 1361 2069 cius

273 2099 405 2157 carmIna
422 2097 560 2155 Veronae
577 2103 629 2152 aut
645 2095 678 2152 in
696 2093 844 2152 Sirmione
861 2092 989 2153 condita.

338 2181 488 2242 Catullum
506 2181 631 2239 honesta
653 2188 683 2238 et
704 2181 775 2238 satis
797 2178 937 2258 locupleti
959 2177 1074 2237 familia
1096 2178 1254 2237 oriundum
1271 2179 1363 2239 fuisse
1461 2237 1462 2264 ,

273 2268 415 2346 conplura
432 2274 501 2325 sunt
519 2284 596 2345 qnae
615 2263 746 2324 doceant.
781 2266 874 2342 patris
893 2267 955 2324 eius
973 2263 1101 2342 hospitio
1117 2262 1149 2323 0.
1163 2265 1275 2323 Iulium
1290 2263 1363 2324 Gae—
1461 2279 1462 2314 1

273 2372 368 2412 sarem
385 2353 431 2410 uti
447 2352 635 2410 consuevisse
650 2348 808 2409 Suetonius
826 2351 858 2408 in
875 2348 963 2408 huius
980 2351 1044 2407 vita
1060 2369 1083 2408 c.
1101 2350 1139 2407 73
1158 2357 1266 2410 narrat.
1298 2353 1362 2429 ipsc

272 2444 360 2517 poeta
380 2443 498 2514 praeter
519 2435 732 2514 possessionem
754 2436 786 2493 in
809 2435 955 2495 Sirmione
977 2432 1152 2513 paeninsula
1175 2454 1264 2514 supra
1286 2455 1362 2494 com-

272 2529 464 2582 memoratam
482 2522 571 2580 etiam
584 2539 675 2599 prope
689 2519 785 2579 Tibur
797 2521 830 2577 in
844 2519 971 2579 confinio
985 2519 1065 2578 Latii
1080 2527 1109 2579 et
1125 2527 1221 2579 terrae
1233 2519 1363 2579 Sabinae

273 2607 400 2667 fundum
421 2606 563 2678 habebat,
592 2607 675 2664 cuius
696 2608 729 2664 in
752 2625 775 2665 c.
799 2605 904 2665 XLIV
925 2607 1105 2664 mentionem
1127 2605 1206 2664 facit
1250 2605 1363 2664 Romae

272 2691 461 2752 hauddubie
480 2693 541 2750 suis
558 2689 663 2769 opibus
681 2692 744 2750 sine
767 2688 828 2748 ullo
847 2697 972 2770 quaestu
994 2691 1124 2760 vivebat,
1147 2690 1363 2769 multorumque

271 2779 425 2838 hominum
442 2794 559 2854 genere,
584 2775 738 2852 dignitate,
761 2775 872 2834 divitiis
895 2775 1061 2836 florentium
1084 2774 1128 2835 ibi
1150 2775 1363 2835 consuetudine

273 2863 419 2923 utebatur.

335 2948 461 3009 Maximi
487 2945 526 3005 ad
555 2953 647 3005 totam
674 2943 786 3004 catulli
812 2947 904 3004 vitam
930 2947 1072 3004 momenti
1098 2952 1161 3004 erat
1193 2945 1256 3004 eius
1282 2965 1364 3004 amor

272 3034 402 3094 mulieris
421 3035 469 3092 cui
482 3051 590 3092 nomen
603 3030 712 3091 indidit
724 3031 887 3091 Lesbiae.
916 3033 1047 3090 carmina
1062 3031 1168 3109 quibus
1183 3048 1218 3089 ca
1231 3031 1363 3089 nomina-

271 3121 325 3178 tim
343 3118 510 3198 adpellatur
534 3125 603 3177 sunt
624 3117 729 3177 haece:
751 3115 788 3175 V.
807 3115 877 3175 VII.
897 3115 949 3174 LI.
967 3115 1101 3175 LXXII.
1119 3115 1248 3175 LXXV.
1267 3113 1363 3174 CVII.

271 3211 424 3282 praeterea
441 3209 685 3261 commemoratur
697 3201 807 3261 Lesbia
820 3203 851 3258 in
869 3200 915 3259 his
932 3203 1004 3259 item
1022 3219 1074 3259 sex
1088 3218 1209 3258 numero
1229 3202 1363 3260 carmini-

270 3288 341 3347 bus:
362 3287 481 3346 XLIII.
492 3287 608 3346 LVIII.
621 3286 769 3345 LXXIX.
784 3285 967 3344 LXXXIII.
980 3284 1157 3342 LXXXVI.
1171 3283 1273 3346 ΧΟΠ.
1293 3288 1364 3344 satis

272 3392 398 3449 magnus
410 3390 482 3430 vero
496 3379 540 3430 est
554 3373 718 3429 carminum
730 3390 871 3430 numerus
884 3389 969 3450 quae,
988 3370 1102 3428 etiamsi
1115 3389 1223 3429 nomen
1236 3370 1365 3430 Lesbiae

271 3478 333 3516 non
351 3459 529 3530 contineant,
552 3463 652 3515 tamen
670 3458 733 3515 sive
750 3455 788 3515 ob
807 3462 981 3532 argumenta
1002 3456 1141 3513 universa
1164 3456 1227 3513 sive
1249 3455 1286 3514 ob
1306 3457 1364 3515 sin·

272 3542 358 3619 gulas
377 3540 518 3621 quasdam
538 3541 769 3617 significationes
783 3542 856 3619 quin
874 3540 914 3599 ad
926 3539 1052 3602 eandem
1066 3539 1219 3599 mulierem
1233 3547 1365 3618 spectent

272 3627 403 3687 dubitari
428 3645 489 3685 non
514 3634 618 3705 potest.
655 3633 725 3685 sunt
751 3634 849 3684 autem
875 3633 992 3705 praeter
1018 3625 1076 3684 duo
1103 3625 1161 3684 ista
1184 3624 1220 3684 dc
1246 3643 1365 3702 passere

272 3720 388 3773 amatae
409 3711 528 3791 puellae
550 3709 741 3771 celeberrima
766 3713 914 3788 poematia
935 3711 969 3770 II
987 3717 1016 3770 et
1032 3710 1096 3782 HI,
1119 3729 1196 3789 quae
1217 3709 1364 3769 Martialis

271 3801 392 3878 insuper
410 3799 502 3876 epigr.
512 3796 576 3855 VII
592 3798 630 3855 14
645 3798 663 3855 3
677 3817 699 3856 s.
713 3803 743 3856 st
755 3796 833 3855 XIV
849 3798 888 3853 77
907 3795 1015 3854 diserte
1033 3794 1072 3854 ad
1085 3795 1225 3854 Lesbiam
1242 3794 1363 3867 rettulit,

272 3885 345 3943 haec
362 3884 548 3963 potissimum
567 3883 710 3940 carmina:
728 3882 816 3940 VIII.
831 3880 887 3940 XI.
906 3881 1009 3939 XXX.
1028 3880 1178 3940 XXXVI.
1197 3879 1364 3940 XXXVII.

271 3969 418 4030 LXVIII.
436 3968 536 4027 LXX.
555 3965 701 4026 LXXVI.
724 3966 885 4026 LXXVII.
908 3966 1074 4025 LXXXII.
1097 3965 1257 4025 LXXXV.
1279 3964 1364 4024 XCI.

273 4052 386 4113 Obss.
410 4051 499 4129 (conf.
521 4052 630 4111 LVIII
652 4059 681 4111 et
702 4051 842 4111 LXVIII
860 4047 921 4124 53).
947 4051 1026 4111 CIV.
1051 4049 1132 4109 CIX.
1156 4069 1252 4130 neque
1275 4052 1365 4108 etiam

272 4137 443 4210 errabimus,
465 4145 545 4218 puto,
569 4139 595 4197 si
617 4139 755 4197 carminis
777 4136 919 4196 LXXIII
942 4143 1149 4214 argumentum
1172 4155 1239 4195 cum
1261 4135 1366 4195 eodem
