2968 4990
752 362 921 422 CATULLI

752 553 922 620 XXVIII.

497 672 625 740 Pisonis
643 671 782 749 comites,
801 672 914 737 cohors
931 672 1033 739 inanis

498 768 579 854 aptis
597 765 760 830 sarcinulis
778 775 808 831 et
827 766 991 851 expeditis,

497 859 618 928 Verani
635 858 753 944 optime
771 870 870 942 tuque
888 859 931 923 mi
948 860 1093 936 Fabulle,

497 953 575 1038 quid
593 975 696 1017 rerum
714 951 843 1036 geritis?
864 953 982 1020 satisne
999 976 1072 1019 cum
1090 955 1151 1019 isto

497 1069 603 1132 vappa
619 1045 801 1131 frigoraque
819 1046 976 1112 etiamen
992 1047 1126 1113 tulistis?

496 1140 685 1225 ecquidnam
703 1140 736 1204 in
755 1139 871 1205 tabulis
890 1150 978 1226 patet
994 1141 1101 1207 lucelli

497 1350 683 1413 expensum,
703 1337 740 1391 ut
752 1327 840 1404 mihi,
859 1327 913 1410 qui
929 1352 1034 1395 meum
1050 1339 1176 1395 secutus

495 1432 672 1510 praetorem
690 1421 792 1486 refero
811 1421 920 1488 datum
938 1424 1051 1488 lucello

498 1524 532 1581 ‘o
550 1515 695 1592 Memmi,
714 1515 795 1580 bene
812 1538 864 1581 me
882 1538 919 1581 ao
937 1517 993 1582 diu
1011 1517 1160 1603 supinum

496 1618 563 1674 tota
578 1608 641 1673 ista
658 1608 748 1673 trabe
765 1608 870 1674 lentus
887 1609 1073 1676 intumasti!

499 1702 566 1779 sed,
584 1712 738 1786 quantum
757 1702 861 1778 video,
879 1705 948 1789 pari
965 1703 1069 1769 fuistis

437 1811 441 1822 ’
498 1819 589 1863 casu:
612 1818 687 1861 nam
703 1795 801 1860 nihilo
820 1797 941 1862 minore
959 1818 1058 1884 verpa

496 1890 571 1955 farti
589 1890 673 1954 estis.
717 1900 789 1974 pete
806 1891 928 1956 nobiles
946 1891 1075 1957 amicos.

498 1994 532 2048 at
549 1982 640 2049 vobis
656 1983 742 2048 mala
759 1985 858 2050 multa
876 1985 908 2049 di
926 1985 1067 2069 deaeque

497 2077 583 2154 dent,
601 2076 771 2162 opprobria
788 2077 917 2143 Romuli
934 2079 1100 2163 Remique.

754 2266 924 2278 ———-

768 2419 905 2492 XXIX.

433 2545 516 2627 Quis
533 2544 594 2609 hoc
610 2553 714 2630 potest
732 2544 848 2623 videre,
867 2545 938 2629 quis
955 2557 1059 2627 potest
1077 2547 1153 2634 pati,

432 2639 494 2704 nisi
511 2636 679 2722 inpudicus
697 2647 729 2702 et
746 2660 844 2703 vorax
862 2650 894 2704 ct
912 2640 992 2718 alec,
1106 2669 1109 2674 ·

432 2733 633 2798 Mamurram
650 2730 767 2796 habero
784 2732 871 2815 quod
888 2745 1012 2798 comata
1030 2733 1135 2800 Gallia

433 2823 573 2891 habebat
590 2833 664 2888 autc
681 2834 713 2888 et
729 2824 841 2889 ultima
858 2825 1042 2892 Britannia?

385 2933 402 2967 a
435 2918 566 2985 cinaede
583 2917 730 2996 Romule,
748 2917 827 2984 haec
845 2919 967 2985 videbis
985 2932 1017 2986 et
1033 2921 1135 2988 feres?

435 3024 467 3080 et
483 3013 537 3102 illo
554 3033 639 3077 nuno
657 3013 813 3098 superbus
830 3023 862 3077 ct
879 3015 1075 3100 superfluens

432 3104 666 3195 perambulabit
682 3105 823 3170 omnium
841 3106 959 3172 cubilia

434 3211 471 3266 ut
488 3199 615 3265 albulus
632 3199 798 3264 columbus
815 3199 895 3264 haut
910 3200 1062 3268 idoneus?

437 3292 567 3360 cinaede
585 3292 732 3370 Romule,
750 3292 829 3360 haec
847 3293 970 3359 videbis
988 3306 1020 3361 et
1037 3295 1138 3363 feres?

435 3411 469 3456 es
486 3387 655 3473 inpudicus
672 3397 704 3452 et
720 3408 819 3452 vorax
837 3400 869 3453 et
886 3388 965 3454 alec.

435 3503 514 3548 cona
531 3480 668 3557 nomine,
687 3475 857 3567 imperator
874 3482 977 3559 unice,

434 3573 523 3640 fuisti
540 3574 574 3638 in
591 3573 702 3639 ultima
719 3574 890 3640 occidentis
907 3575 1021 3652 insula,

434 3680 471 3735 ut
487 3669 548 3733 ista
566 3676 672 3732 vestra
689 3667 837 3734 diffututa
854 3669 996 3735 mentula

435 3762 600 3829 ducenties
618 3774 773 3829 comesset
790 3774 846 3829 aut
862 3765 1046 3831 aasentias?

436 3857 514 3943 quid
532 3867 580 3923 est
597 3856 661 3921 alid
679 3857 804 3924 sinistra
820 3858 1010 3924 liberalitas?

435 3975 548 4038 parum
568 3952 745 4037 expatravit
761 3975 802 4017 an
819 3975 932 4038 parum
951 3953 1086 4018 elluatus
1104 3953 1172 4020 est?

434 4055 567 4132 patema
584 4044 687 4132 prima
702 4045 862 4112 lancinata
878 4057 953 4111 sunt
970 4046 1067 4111 bona:
1199 4043 1202 4050 ’

434 4140 578 4207 secunda
596 4139 715 4228 praeda
732 4139 880 4206 Pontica:
894 4140 977 4206 -inde
995 4140 1087 4206 tertia
