2954 4990
288 345 356 386 xm
722 339 949 384 PROIAEGOMENA

289 462 424 539 tellegas.
442 491 484 504 -
501 459 593 520 alium
616 465 774 532 oratorem,
797 459 938 533 Sestium,
962 458 1097 520 Catullus
1119 463 1150 520 in
1173 483 1196 521 c.
1214 463 1325 524 XLIV
1341 463 1388 526 'ob

287 547 434 625 frigidum
462 545 610 606 scribendi
641 563 734 621 genus
760 545 882 619 inridet,
915 565 975 623 qua
1000 566 1067 604 cnm
1093 548 1235 608 inrisione
1260 549 1389 610 laudem

290 633 381 693 villae
398 650 469 691 suae
482 630 669 691 suburbanae
682 629 780 708 lepide
793 631 955 706 coniungit
982 630 1101 690 simulat
1114 634 1196 692 enim
1208 653 1239 694 se
1251 633 1388 711 legendo

292 719 456 778 orationem
485 716 566 776 illius
595 718 627 774 in
657 714 782 774 Antium
812 717 966 794 petitorem
997 722 1057 774 tam
1087 717 1292 779 vehementem
1325 721 1389 781 sibi

287 803 484 881 vgravedinem
500 803 664 880 tussimque
682 803 863 860 contraxisse
886 807 920 858 ut
937 803 1066 878 corporis
1087 802 1212 862 curandi
1233 806 1334 880 gratia
1351 808 1388 864 in

290 888 417 947 fundum
430 906 515 946 suum
524 886 717 945 Tiburtinum
730 886 787 944 sibi
801 884 1034 961 confugiendum
1046 894 1130 946 esset.
1156 888 1236 947 hunc
1250 889 1387 950 Sestium

286 993 355 1034 esse
371 972 405 1031 P.
424 971 554 1031 Sestium
571 992 589 1030 a
607 970 749 1030 Cicerone
766 991 792 1029 a.
809 967 923 1046 saules
942 969 1097 1031 defensum
1113 975 1226 1051 primus
1243 973 1386 1036 Achilles

291 1057 403 1118 Statius
433 1059 597 1135 suspicatus
627 1062 683 1127 est,
718 1057 766 1116 cui
795 1063 895 1114 nostra
925 1065 1022 1116 aetate
1052 1060 1175 1117 accessit
1204 1057 1386 1120 Schwabius

290 1165 318 1223 p.
339 1143 399 1202 303
419 1164 441 1201 s,
458 1151 547 1221 atque
564 1141 634 1200 huic
656 1142 819 1201 sententiae
839 1140 999 1219 plurimum
1021 1160 1093 1201 sane
1115 1143 1385 1204 commendationis

284 1229 361 1290 inde
379 1236 423 1288 est
439 1235 574 1306 paratum
593 1225 670 1306 quod
689 1228 753 1305 ipsc
772 1224 875 1286 Cicero
897 1228 980 1304 epist.
1000 1225 1040 1284 ad
1061 1226 1154 1286 famil.
1171 1229 1235 1288 VH
1253 1231 1292 1286 32
1315 1234 1334 1286 1
1355 1240 1386 1290 et

289 1314 328 1374 ad
344 1312 407 1373 Att.
425 1313 489 1374 VII
508 1315 547 1370 17
567 1313 585 1369 2
605 1312 741 1372 clientem
760 1310 830 1369 olim
852 1331 938 1370 snum
954 1311 1104 1371 hominem
1125 1313 1271 1372 insulsum
1290 1323 1386 1394 atque

288 1400 399 1459 malum
417 1401 588 1477 scriptorem
605 1415 669 1456 esse
690 1398 760 1455 satis
782 1403 883 1474 aperte
904 1396 1059 1472 significat.
1095 1399 1161 1476 quis
1178 1417 1248 1457 vero
1266 1398 1384 1460 Antius

288 1488 396 1564 petitor
413 1483 510 1556 fuerit,
534 1485 566 1541 in
584 1500 672 1561 quem
690 1481 779 1540 Sestii
795 1480 917 1540 extabat
935 1483 1037 1556 oratio,
1060 1502 1120 1541 non
1136 1502 1292 1561 possumus
1312 1505 1384 1545 con-

280 1573 400 1630 iectura
417 1567 549 1647 adsequi.
575 1586 764 1646 quamquam,
783 1586 849 1626 oum
865 1573 1036 1645 reputamus
1050 1566 1179 1627 Sestium
1192 1578 1384 1648 sumptuosas

284 1674 378 1715 cenas
396 1653 493 1712 facere
511 1652 630 1710 solitum
648 1670 719 1722 esse,
737 1650 769 1708 id
786 1651 866 1730 quod
884 1671 900 1710 e
917 1652 1051 1712 versibus
1069 1653 1087 1710 9
1108 1654 1148 1711 10
1167 1654 1204 1710 21
1228 1655 1384 1733 intellegi·

283 1748 344 1812 tur,
364 1737 486 1797 difficile
502 1745 546 1796 est
558 1757 619 1796 non
632 1739 761 1813 cogitare
775 1734 812 1795 de
826 1734 919 1796 Antio
932 1737 1072 1797 Restione
1085 1737 1136 1797 illo
1151 1757 1238 1818 quem
1246 1739 1383 1802 Macrob.

283 1832 340 1884 eat.
359 1824 410 1883 111
429 1825 468 1881 17
489 1823 537 1895 13,
556 1843 585 1901 p.
604 1823 665 1880 213
683 1822 770 1900 Eyss.
788 1823 890 1900 paucis
909 1824 995 1880 annis
1017 1830 1085 1901 post
1105 1822 1202 1900 legem
1218 1823 1383 1885 Aemiliam

283 1931 312 1969 a
330 1905 444 1987 676s78
458 1907 550 1967 latam
567 1927 675 1966 novam
692 1907 789 1982 legem
803 1909 1015 1985 sumptuariam
1029 1907 1131 1967 tulisse
1148 1916 1272 1968 testatur
1287 1908 1382 1986 (conf.

282 1997 377 2056 setiam
399 1993 476 2054 Gell.
499 1993 533 2052 Π
556 1995 597 2051 24
621 1991 682 2070 13).
718 1991 798 2071 quod
819 1993 940 2051 minime
962 1991 1083 2071 quidem
1103 1993 1240 2052 volumus
1264 1997 1308 2054 ita
1337 1998 1383 2056 in-

244 2123 250 2130 ·
284 2080 390 2157 tellegi
424 2082 510 2158 quasi
545 2080 707 2138 orationem
738 2098 757 2136 a
788 2076 905 2138 Catullo
940 2087 1198 2136 commemoratam
1226 2079 1266 2138 ad
1296 2081 1383 2141 illam
1464 2149 1465 2156 ,

285 2166 383 2244 legem
401 2166 577 2246 pertinuisse
593 2172 738 2242 putemus.
775 2161 828 2222 sed
844 2165 921 2222 inter
938 2162 1088 2223 hominem
1105 2164 1193 2240 gulae
1215 2164 1381 2226 subtilioris

285 2262 316 2311 et
338 2251 414 2328 legis
440 2251 568 2310 cibariae
594 2250 718 2308 latorem
744 2255 848 2306 mutua
874 2246 965 2306 fuisse
991 2247 1060 2307 odia
1081 2248 1170 2309 facile
1196 2249 1237 2310 ad
1257 2251 1382 2312 creden·

281 2336 358 2411 dum
376 2345 428 2394 est.

349 2421 524 2479 Transimus
551 2418 590 2476 ad
616 2437 652 2476 ea
677 2421 892 2497 epigrammata
917 2420 949 2477 in
976 2418 1083 2497 quibus
1111 2418 1245 2479 Catullus
1275 2430 1381 2499 poetas

281 2504 430 2584 quosdam
455 2503 513 2563 sibi
534 2502 672 2581 aequales
694 2505 874 2582 perstringit
909 2511 939 2562 et
964 2505 997 2562 in
1020 2523 1043 2563 e.
1066 2504 1165 2564 XXII
1191 2505 1312 2584 quidem
1342 2509 1381 2568 ad

285 2591 400 2650 Varum
417 2591 506 2647 misso
525 2588 678 2647 Suffenum
696 2587 845 2648 hominem
863 2597 1020 2648 venustum
1041 2597 1071 2648 et
1089 2589 1220 2649 dicacem
1243 2599 1273 2651 et
1290 2592 1380 2653 urba·

286 2695 358 2733 num
382 2693 446 2734 esse
468 2675 519 2746 ait,
543 2672 595 2732 sed
616 2673 673 2731 hoc
696 2674 770 2731 vitio
791 2673 958 2751 praeditum
983 2682 1017 2733 ut
1038 2693 1141 2734 versus
1163 2674 1287 2735 fundere
1309 2697 1381 2738 con-

278 2762 376 2821 suerit
397 2759 487 2839 plano
507 2758 596 2816 rudes
622 2763 712 2836 atque
737 2757 913 2832 inconditos,
941 2778 1049 2839 eosque
1073 2760 1156 2819 libris
1182 2763 1378 2824 ornatissimis

284 2845 414 2907 edendos
433 2852 516 2904 curet
533 2851 621 2922 atque
646 2863 684 2901 ex
705 2849 766 2902 tam
783 2864 875 2922 pravo
898 2845 995 2904 studio
1017 2845 1221 2906 incredibilem
1242 2847 1380 2926 volupta-

278 2940 342 2991 tem
364 2932 516 3011 peroipiat.
551 2929 630 2988 idem
648 2927 786 2987 Suffenus
803 2931 836 2987 in
854 2950 878 2988 c.
895 2929 974 2990 XIV
992 2931 1032 2988 19
1055 2950 1116 2991 una
1137 2951 1205 2990 oum
1223 2930 1328 2992 Caesio
1349 2943 1380 2994 ct

283 3017 404 3096 Aquino
430 3018 507 3076 inter
532 3016 676 3094 pessimos
701 3022 803 3093 poetas
829 3023 1008 3076 numeratur.
1049 3014 1102 3075 hos
1128 3037 1228 3076 omnes
1254 3017 1381 3080 aliunde

277 3122 344 3161 non
365 3103 512 3175 novimus,
534 3102 593 3160 nisi
615 3099 696 3180 quod
720 3099 823 3160 Cicero
846 3119 963 3179 quoque
980 3100 1101 3160 Tuscul.
1124 3100 1199 3181 disp.
1217 3103 1246 3163 V
1265 3104 1305 3162 22
1325 3104 1379 3179 63,

283 3193 316 3244 ut
342 3186 510 3264 exemplum
541 3187 662 3264 pessimi
692 3194 798 3264 poetae
827 3185 983 3264 proferret,
1015 3185 1170 3266 Aquinum
1200 3190 1378 3250 nominavit.

284 3290 381 3349 neque
399 3274 479 3330 enim
497 3271 626 3330 dubitari
643 3278 739 3349 potest
756 3271 829 3349 quin
845 3292 898 3349 pro
921 3273 1040 3330 nomine
1058 3271 1208 3348 gentilicio
1226 3274 1377 3348 Aquinius,

279 3354 364 3433 quod
387 3358 491 3433 optimi
517 3355 633 3414 codices
655 3355 806 3433 praebent,
831 3375 996 3432 cognomen
1012 3356 1138 3432 Aquinus
1160 3358 1378 3419 restituendum

283 3442 322 3498 sit
339 3436 430 3515 (conf.
449 3439 521 3498 Tac.
540 3439 608 3498 hist.
625 3439 644 3498 I
664 3442 691 3497 7.
716 3441 843 3499 Martial.
863 3442 878 3499 l
897 3442 936 3499 93
957 3438 996 3516 1),
1014 3449 1223 3521 receperatque
1240 3442 1272 3502 id
1290 3441 1378 3504 Orel-

284 3525 341 3584 lius
360 3525 392 3583 iu
410 3523 540 3583 editione
557 3527 628 3582 anni
649 3525 739 3583 1828.
774 3525 855 3604 quod
873 3534 971 3586 autem
990 3525 1092 3586 Cicero
1115 3527 1172 3587 sibi
1194 3527 1285 3589 fuisse
1306 3549 1379 3590 cnm

281 3610 404 3690 Aquino
423 3610 582 3668 amicitiam
600 3617 709 3682 narrat,
732 3609 803 3669 inde
819 3610 898 3670 hunc
920 3620 950 3671 et
968 3610 1085 3672 Catullo
1108 3613 1260 3691 aliquanto
1283 3616 1379 3675 maio·

281 3715 345 3756 rem
368 3703 441 3755 natu
463 3703 493 3755 et
515 3715 541 3753 a.
566 3690 690 3773 710l44,
717 3715 775 3774 quo
797 3698 941 3775 posterior
961 3716 1029 3776 pars
1052 3698 1289 3758 Tusculanarum
1315 3699 1379 3764 dis-

276 3783 468 3860 putationum
482 3782 591 3858 soripta
604 3786 655 3853 est,
665 3781 725 3838 iam
739 3799 755 3840 e
769 3783 831 3838 vita
844 3800 994 3858 egressum
1007 3782 1098 3844 fuisse
1110 3782 1321 3844 concludimus.
1330 3815 1378 3828 -

279 3867 381 3945 paullo
399 3866 487 3946 plura
500 3864 627 3924 dicenda
644 3872 713 3924 sunt
730 3865 768 3924 de
780 3865 912 3940 Volusio,
932 3870 980 3926 cui
994 3865 1129 3927 Catullus
1147 3868 1238 3928 semel
1254 3871 1378 3930 iterum·

275 3971 340 4030 que
356 3952 518 4012 insultavit.
547 3957 636 4029 atque
649 3951 682 4009 in
695 3969 719 4009 c.
733 3949 822 4012 XCV
834 3951 962 4030 quidem,
981 3972 1070 4032 aquo
1084 3953 1169 4013 nobis
1187 3953 1379 4031 proficiscen-

280 4035 353 4095 dum
380 4045 435 4110 est,
463 4036 624 4115 Zmyrnam
652 4034 684 4094 C.
707 4034 811 4094 Helvii
835 4037 949 4097 Cinnae
976 4039 1077 4110 amici,
1105 4038 1238 4117 epyllion
1264 4059 1378 4100 novem

276 4123 371 4180 annis
397 4130 463 4202 post
490 4142 579 4202 quam
607 4128 743 4200 coeptum
770 4130 832 4182 erat
858 4121 981 4197 editum,
1010 4123 1167 4183 annalibus
1188 4123 1305 4184 Volusii
1330 4127 1379 4198 ita
