2954 4990
272 349 346 392 XLVI
705 343 933 388 PROIAEGOMBNA

275 467 384 546 sophus
402 467 524 525 annales
542 485 615 545 quos
633 464 792 524 Suetonius
809 463 962 522 historiam
979 465 1110 536 vocavit,
1133 464 1253 544 quando
1277 469 1373 547 saepe

273 561 387 612 veteres
412 553 469 612 isto
494 550 582 610 modo
608 549 659 608 vel
690 548 823 609 similiter
853 549 955 608 titulos
984 545 1127 607 librorum
1157 550 1372 612 historicorum
1452 579 1453 584 ¹

272 641 388 696 variare
406 636 509 696 solent.
536 634 643 714 quodsi
655 637 698 692 ita
715 653 760 693 res
779 633 925 707 sehabet,
944 633 1084 694 Volusius
1098 633 1286 696 Catullianus
1304 657 1372 696 non

272 730 368 802 potest
390 741 453 781 esso
474 722 633 779 Tanusius.
668 718 843 778 incredibile
869 727 913 778 est
939 721 1019 778 enim
1042 718 1215 779 Suetonium
1243 730 1272 780 et
1295 721 1371 781 Plu·

271 808 406 866 tarchum
434 805 472 865 ad
493 804 705 883 pertexendam
728 803 865 864 Caesaris
891 807 983 862 vitam
1009 822 1097 883 opere
1123 806 1257 865 versibus
1283 806 1370 867 facto

271 913 340 952 usos
359 910 430 961 esse,
449 890 557 950 nedum
570 891 653 948 illum
672 888 726 947 tali
740 893 822 967 operi
839 909 947 949 nomen
960 889 1100 949 historiae
1114 889 1260 950 indidisse
1272 891 1370 971 idque
1452 939 1453 964 ,

272 975 376 1036 eodem
402 975 466 1034 loco
493 995 559 1034 curn
580 976 621 1034 M.
644 973 746 1033 Bibuli
773 971 877 1033 edictis
904 981 934 1032 et
955 971 989 1033 C.
1013 972 1152 1033 Curionis
1178 979 1369 1037 orationihus
1452 977 1453 1012 ³

271 1065 412 1141 posuisse.
446 1060 504 1120 hnc
523 1059 637 1119 accedit
655 1059 733 1139 quod
750 1058 927 1118 Plutarchus
949 1077 988 1118 ex
1005 1058 1138 1118 Tanusio
1156 1061 1197 1119 Μ.
1216 1061 1368 1122 Catonem

271 1150 304 1206 in
335 1153 439 1206 senatu
471 1149 619 1205 censuisse
648 1145 739 1205 refert
766 1144 922 1204 Caesarem
948 1143 1122 1221 Usipetibus
1148 1145 1369 1226 Tencterisque

271 1240 391 1311 propter
408 1230 549 1290 violatam
567 1251 584 1288 a
608 1228 783 1310 proconsule
804 1227 893 1288 fidem
915 1227 1083 1289 dedendum
1105 1248 1176 1290 esse.
1212 1249 1248 1290 ea
1269 1234 1370 1308 igitur

269 1337 316 1376 res
342 1317 380 1376 ad
407 1337 518 1376 annum
545 1313 658 1394 sessss
686 1318 821 1394 pertinet.
856 1313 973 1373 Volusii
999 1321 1096 1374 autem
1122 1314 1246 1376 annales
1272 1336 1369 1397 supra

270 1403 486 1462 demonstrasse
507 1401 594 1460 nobis
615 1399 752 1459 videmur
773 1419 834 1457 non
855 1406 922 1476 post
943 1419 1054 1458 annum
1072 1396 1188 1476 694)6Ο
1209 1403 1243 1460 in
1265 1400 1367 1462 lucem

270 1488 365 1548 editos
383 1506 455 1546 esse.
491 1485 543 1545 sed
561 1485 609 1544 fac
626 1485 780 1543 historiam
797 1485 924 1542 Tanusii
946 1483 984 1543 ab
1002 1485 1160 1544 annalibus
1182 1489 1246 1546 eius
1264 1485 1367 1548 diver-

269 1593 332 1632 sam
354 1573 466 1651 hosque
491 1571 625 1629 versibus
651 1573 828 1648 perscriptos
851 1568 950 1642 fuisse,
978 1589 1054 1648 quae
1075 1569 1204 1650 Hauptii
1229 1581 1275 1630 est
1297 1591 1367 1632 sen-

268 1660 376 1716 tentia:
393 1676 431 1714 ne
448 1662 512 1714 tum
529 1656 648 1734 quidem
665 1653 765 1713 nullus
783 1653 935 1733 scrupulus
953 1661 1052 1713 restat.
1086 1659 1281 1734 nequeenim
1299 1657 1366 1718 ullo

269 1741 357 1801 modo
374 1740 559 1815 intellegitur
576 1760 635 1819 qua
651 1739 772 1798 tandem
790 1759 879 1799 causa
896 1738 1040 1798 adductus
1058 1743 1097 1798 sit
1111 1739 1247 1800 Catullus
1259 1749 1294 1801 ut
1308 1763 1366 1822 pro

269 1828 396 1886 Tanusii
413 1829 533 1884 nomine
551 1825 634 1884 aliud
651 1825 847 1898 substitueret,
866 1831 896 1884 et
913 1824 1033 1904 quidem
1046 1843 1154 1885 nomen
1169 1845 1229 1885 non
1242 1827 1281 1886 ab
1295 1830 1365 1907 ipso

269 1915 469 1989 excogitatum
492 1918 544 1969 aut
564 1911 696 1987 vulgare,
724 1910 776 1969 sed
803 1913 900 1985 gentis
918 1911 1070 1969 Romanae
1096 1915 1254 1990 proprium
1290 1933 1365 1974 nam

268 1997 348 2077 quod
370 1996 542 2057 Schwabius
564 2017 612 2076 qu.
632 1996 696 2056 Cat.
720 2016 747 2074 p.
772 1997 831 2054 281
856 1994 896 2052 ad
917 1994 994 2053 hanc
1017 1993 1221 2056 difficultatem
1242 1997 1365 2076 paullu-

267 2084 329 2142 lum
345 2081 565 2160 infringendam
590 2084 717 2142 coniecit
737 2079 985 2140 necessitudinem
1006 2079 1137 2159 aliquam
1153 2084 1231 2140 inter
1252 2086 1364 2143 utrius·
1452 2097 1453 2104 ’

268 2187 325 2248 que
347 2176 452 2247 poetae
473 2167 619 2226 familiam
642 2167 850 2238 intercessisse,
876 2163 917 2238 id,
944 2168 1033 2224 etiam
1055 2168 1082 2224 si
1104 2165 1233 2226 firmiore
1254 2167 1364 2228 funda-

266 2262 366 2313 mento
388 2273 477 2332 quam
500 2252 563 2312 sola
584 2256 697 2331 patriae
720 2253 924 2310 communione
945 2253 1098 2323 niteretur,
1121 2257 1222 2310 tamen
1243 2257 1362 2314 nemini

268 2338 415 2397 sufficeret
436 2340 585 2414 reputanti
607 2335 758 2396 Catullum
778 2355 817 2396 ne
840 2357 858 2394 a
881 2335 1008 2395 Caesare
1034 2335 1153 2414 quidem
1181 2345 1282 2416 aperte
1309 2339 1363 2398 ad-

267 2420 389 2481 oriendo
408 2422 592 2494 abstinuisse,
612 2424 747 2501 quamvis
764 2429 878 2500 patrem
896 2441 981 2479 suum
997 2420 1119 2500 hospitii
1136 2423 1201 2482 iura
1218 2443 1286 2482 cum
1296 2424 1363 2484 'illo
1452 2413 1453 2424 ¹

268 2509 456 2567 coniunctum
483 2525 545 2566 esse
568 2510 663 2566 sciret.
700 2509 819 2565 omnino
842 2514 940 2565 autem
963 2505 1157 2565 demonstrari
1179 2527 1240 2566 non
1261 2517 1365 2586 potest
1452 2507 1453 2510 ’

266 2597 299 2651 in
318 2591 496 2651 carminibus
515 2590 692 2650 Catullianis
710 2591 780 2649 ficta
797 2595 918 2650 nomina
934 2595 1032 2650 inesse
1049 2598 1166 2670 praeter
1182 2591 1312 2652 Lesbiae
1333 2604 1364 2654 et

266 2677 377 2751 Lesbii,
396 2697 521 2757 quorum
539 2695 615 2755 quae
633 2680 671 2735 sit
689 2695 778 2735 causa
794 2684 884 2756 patet.
919 2694 988 2734 nam
1001 2676 1153 2736 Mentulas
1171 2677 1364 2757 etIpsitillao
1452 2731 1453 2734 ,

266 2765 421 2823 nominum
447 2762 507 2821 alia
533 2769 576 2822 est
602 2763 684 2819 ratio.
721 2781 797 2842 quae
823 2781 891 2821 cum
917 2763 960 2820 ita
985 2763 1056 2834 sint,
1083 2769 1213 2840 praestat
1238 2772 1362 2841 poetam
1452 2775 1453 2784 ¹

266 2852 382 2928 epicum
408 2847 526 2907 illorum
552 2855 716 2926 temporum
742 2846 924 2922 adgnoscere
956 2848 1004 2904 cui
1029 2863 1133 2906 verum
1159 2866 1269 2907 nomen
1294 2859 1363 2909 erat

264 2935 397 3006 Volusio,
423 2932 544 2993 aliunde
562 2952 629 2992 enm
646 2953 708 2991 non
725 2930 820 3010 magis
837 2932 922 2990 nobis
940 2942 1044 2990 notum
1061 2951 1151 3011 quam
1169 2931 1309 2992 Suffenus
1330 2943 1362 2995 et

266 3018 396 3079 Caesius.
445 3025 665 3098 conparentque
698 3016 816 3078 Volusii
851 3019 968 3096 saepius
1002 3018 1035 3074 in
1069 3017 1277 3095 transpadanis
1313 3021 1362 3078 in·

266 3101 483 3182 scriptionibus,
502 3103 596 3164 veluti
613 3105 645 3162 in
662 3104 829 3163 Veronensi
846 3096 893 3176 (C.
911 3103 937 3161 Ι.
953 3100 990 3159 L.
1007 3103 1045 3175 V,
1066 3104 1093 3175 1,
1113 3121 1142 3163 n.
1162 3101 1258 3180 3629)
1277 3110 1307 3163 et
1325 3106 1361 3164 in

264 3189 409 3247 Brixiana
427 3187 510 3264 (ibid.
528 3209 557 3247 n.
578 3185 684 3262 4769).

328 3273 397 3331 Duo
424 3275 637 3351 epigrammata
663 3272 721 3332 CX
747 3280 777 3332 et
800 3270 876 3331 CXI
899 3270 1034 3331 Catullus
1060 3281 1163 3332 contra
1183 3271 1360 3334 Aufilenam

264 3355 414 3437 quandam
432 3359 536 3430 emisit,
560 3377 635 3437 quae
658 3366 764 3436 poetae
785 3359 860 3415 iram
882 3375 917 3416 eo
939 3365 1073 3416 moverat
1093 3365 1127 3416 ut
1147 3377 1271 3417 munera
1292 3361 1361 3420 eius

265 3442 366 3502 crebro
385 3443 538 3520 acciperet,
562 3442 614 3501 sed
635 3444 811 3521 promissum
829 3441 961 3500 officium
983 3451 1133 3521 praestare
1154 3441 1254 3502 nollet
1290 3463 1359 3504 earn

263 3528 415 3587 mulierem
437 3535 562 3605 nuptam
583 3528 674 3586 luisse
696 3529 917 3605 epigrammatis
940 3527 1061 3586 alterius
1083 3527 1238 3586 exordium
1261 3526 1358 3604 docet,

250 3615 465 3673 Veronensum
482 3611 573 3672 fuisse
591 3631 628 3672 ex
642 3614 780 3670 carminis
795 3610 819 3670 C
833 3613 936 3690 primis
948 3612 1102 3672 versiculis
1119 3614 1224 3672 merito
1242 3613 1360 3689 colligi-

261 3709 319 3772 tur,
347 3699 399 3758 nbi
427 3697 547 3758 Caelius
573 3705 602 3757 et
628 3695 777 3770 Quintius,
804 3697 858 3756 flos
884 3699 1026 3757 iuvenum
1051 3697 1277 3771 Veronensium,
1303 3699 1359 3760 ille

261 3785 383 3843 fratrem
400 3782 518 3863 puellae
534 3782 714 3856 Aufilenum,
732 3782 781 3842 hic
798 3784 894 3860 ipsam
910 3782 1083 3842 Aufilenam
1101 3783 1235 3862 deperire
1254 3783 1358 3842 dicun·

262 3878 320 3930 tur.
347 3878 377 3931 ot
393 3869 503 3946 legitur
516 3869 573 3927 hoc
586 3887 694 3928 nomen
711 3869 744 3926 in
758 3867 948 3947 conpluribus
962 3867 1203 3947 inscriptionibus
1217 3870 1359 3931 Veronae

263 3956 368 4012 autin
390 3975 461 4031 agro
484 3954 650 4014 Veronensi
672 3955 795 4030 repertis
819 3950 866 4028 (C.
888 3955 914 4013 Ι.
932 3951 967 4011 L.
986 3953 1023 4026 V,
1044 3957 1072 4027 1,
1094 3974 1124 4012 n.
1144 3953 1236 4012 3506.
1261 3955 1357 4014 3507·

263 4039 355 4098 4008.
371 4039 447 4098 conf.
461 4049 614 4119 praeterea
627 4059 656 4096 n.
671 4034 777 4113 4129),
794 4040 853 4096 nisi
866 4038 1001 4118 quodibi
1020 4046 1188 4098 constanter
1200 4042 1359 4112 Azcfillenus
1452 4067 1453 4072 ¹

258 4129 292 4183 'et
313 4126 452 4195 Aufidena
472 4127 598 4184 incisum
620 4131 673 4199 est,
696 4143 770 4204 quas
793 4123 901 4183 formas
918 4123 1119 4184 Mommsenus
1141 4131 1241 4185 censet
1263 4126 1356 4185 etiam
1452 4139 1453 4142 ’
