2976 5004
578 367 696 424 LIBER

115 513 190 558 non
207 491 234 558 si
252 491 340 558 illam
357 513 447 557 rarae
465 491 637 558 labefactes
656 512 787 557 munere
804 489 901 557 vestis

168 597 224 650 aut
241 584 432 672 perluciduli
450 584 570 649 deliciis
588 583 712 669 lapidis.

114 678 224 746 laedit
241 689 272 746 te
290 679 448 762 quaedam
465 679 550 743 mala
567 677 686 754 fabula,
705 699 770 761 qua
786 677 845 743 tibi
862 677 964 744 fertur
1168 696 1186 750 5

168 773 252 839 valle
270 774 331 838 sub
349 773 472 837 alarum
489 782 562 836 trux
581 770 724 836 habitare
743 793 847 856 caper.

117 865 212 933 hunc
228 876 376 932 metuunt
393 887 513 930 omnes.
557 886 661 949 neque
679 864 809 929 mirum:
834 888 909 930 nam
926 863 1011 930 mala
1027 863 1152 930 valdest

169 959 271 1025 bestia
288 981 348 1024 nec
365 959 494 1042 quicum
512 958 597 1024 bella
614 959 722 1043 puella
739 957 845 1024 cubet.

118 1074 225 1138 quare
242 1062 298 1118 aut
316 1053 478 1118 crudelem
495 1074 644 1117 nasorum
661 1051 802 1116 interfice
819 1063 953 1137 pestem,

167 1158 225 1212 aut
242 1146 391 1212 admirari
410 1146 519 1212 desine
537 1167 595 1211 cur
612 1145 749 1230 fugiunt.
779 1178 781 1184 .

577 1491 693 1558 LXX.

210 1614 301 1680 Nulli
316 1638 351 1680 se
369 1613 444 1679 dicit
461 1611 574 1677 mulier
591 1634 663 1678 mea
679 1611 800 1678 nubere
818 1612 913 1678 malle

253 1732 350 1793 quam
367 1709 456 1786 mihi,
473 1731 539 1773 non
556 1707 582 1772 si
601 1731 635 1773 se
653 1708 798 1793 Iuppiter
814 1707 883 1792 ipse
901 1714 998 1792 petat.

212 1803 301 1868 dicit:
319 1803 376 1868 sed
394 1802 507 1868 mulier
525 1801 641 1886 cupido
659 1802 746 1884 quod
764 1802 840 1866 dicit
857 1801 986 1877 amanti,

252 1898 286 1962 in
303 1907 398 1964 vento
417 1906 450 1961 et
465 1895 577 1980 rapida
594 1895 733 1961 scribere
750 1905 874 1980 oportet
891 1916 985 1978 aqna.

555 2079 722 2094 -ι-ύι-

568 2243 700 2308 LXXI.

210 2363 248 2431 Si
265 2364 341 2447 quoi
357 2363 427 2429 iure
443 2363 527 2428 bono
546 2385 635 2428 sacer
651 2363 774 2428 alarum
791 2361 913 2427 obstitit
929 2361 1047 2438 hircus,

253 2468 309 2522 aut
325 2457 354 2523 si
370 2479 467 2542 quem
483 2455 595 2521 merito
613 2455 704 2521 tarda
720 2455 863 2542 podagra
880 2467 976 2533 secat,

210 2552 353 2617 aemulus
370 2551 431 2616 istc
443 2561 527 2627 tuus,
545 2550 600 2634 qui
617 2562 758 2616 vestrum
772 2561 898 2616 exercet
911 2573 1062 2629 amorem,

253 2646 384 2710 mirifico
401 2655 450 2710 est
464 2645 533 2709 lato
551 2655 662 2710 nactus
679 2655 849 2729 utrumque
867 2647 996 2712 malum.

208 2762 283 2803 nam
301 2738 447 2822 quotiens
464 2738 571 2814 futuit,
590 2739 703 2803 totiens
721 2738 884 2803 ulciscitur
900 2739 1026 2805 ambos:
1163 2759 1183 2814 5

250 2833 338 2898 illam
356 2832 478 2918 adfligit
496 2831 603 2908 odore,
621 2832 690 2918 ipse
708 2832 789 2917 perit
807 2832 959 2918 podagra.

561 3160 714 3244 nxxu

166 3298 309 3364 Dicebas
325 3297 486 3383 quondam
506 3298 608 3364 solum
626 3309 657 3363 te
674 3319 768 3364 nosse
787 3295 960 3377 Catullum,

209 3391 339 3468 Lesbia,
356 3414 416 3457 nec
433 3414 510 3477 prae
527 3414 578 3460 me
596 3392 678 3458 velle
696 3401 803 3457 tenere
821 3393 941 3459 Iovem.

166 3486 263 3551 dilexi
280 3496 349 3551 tum
367 3496 398 3552 te
415 3509 479 3550 non
497 3497 620 3550 tantum
639 3495 675 3549 ut
692 3485 808 3570 vulgus
827 3487 971 3563 amicam,

208 3581 266 3646 scd
283 3591 372 3666 pater
390 3589 426 3644 ul
443 3591 556 3666 gnatos
575 3580 679 3665 diligit
696 3592 728 3645 et
745 3603 890 3665 generos.

164 3685 299 3739 nuncto
318 3674 469 3758 cognovi:
488 3696 586 3759 quare
605 3673 664 3739 etsi
681 3674 844 3760 inpensius
862 3698 946 3755 uror,
1164 3696 1183 3751 5

208 3769 308 3834 multo
326 3769 371 3833 mi
389 3779 495 3833 tamen
513 3791 547 3833 es
565 3768 659 3833 vilior
676 3780 707 3834 et
724 3768 833 3836 levior.

166 3861 223 3946 qui
240 3862 322 3948 potis
340 3863 407 3927 est?
427 3861 544 3945 inquis.
588 3861 663 3945 quia
682 3874 842 3929 amantem
859 3863 974 3930 iniuria
991 3865 1062 3931 talis

210 3955 296 4041 cogit
313 3979 420 4022 amare
437 3955 554 4042 magis,
572 3956 629 4021 sed
647 3956 731 4024 bene
747 3958 829 4024 velle
846 3958 960 4047 minus.
