2954 4990
282 402 328 441 XII
713 397 942 441 Phocaeorum

283 519 434 590 sustineat,
454 538 477 575 e.
495 517 642 591 LXXVI,
665 536 724 596 quo
741 537 802 576 non
819 519 970 576 invenitur
986 518 1018 574 in
1035 519 1117 595 poesi
1135 518 1271 575 Romana
1287 536 1376 595 prae-

284 603 400 674 clarius,
419 603 546 680 primum
563 603 743 662 conscientia
760 601 831 664 fidei
848 622 908 660 non
926 601 1054 661 violatae
1072 619 1103 660 se
1121 601 1288 661 consolatus
1305 605 1374 681 ipse

283 689 414 746 animum
435 695 554 746 strenue
577 687 730 745 confirmat
751 693 784 745 ut
801 685 916 745 desinat
942 688 1031 745 miser
1056 705 1132 759 esse,
1159 694 1222 745 turn
1249 685 1373 746 deorum

283 773 426 830 auxilium
448 771 487 831 ad
508 771 740 851 recuperandam
762 773 918 830 sanitatem
939 771 1144 849 pulcherrimis
1165 771 1299 831 versibus
1325 775 1372 831 in-

281 857 385 935 ploret.
422 865 511 936 atque
533 859 691 933 contigisse
712 864 779 935 post
805 858 1011 932 gravissimum
1033 859 1125 915 animi
1152 855 1284 916 laborem
1304 865 1373 915 tan·

237 982 246 988 -
283 942 350 1001 dem
368 942 528 1021 aliquando
548 941 666 1001 Catullo
683 949 717 1000 ut
733 949 861 1001 taetrum
879 942 969 999 istum
986 942 1128 1012 morbum,
1148 960 1236 1020 quern
1253 940 1293 999 ad
1309 961 1373 1000 mo·

282 1027 353 1085 dum
374 1029 438 1105 ipse
460 1046 589 1087 amorem
607 1046 692 1085 suum
710 1025 790 1098 dicit,
815 1025 982 1104 deponeret,
1005 1045 1043 1085 ex
1061 1047 1085 1086 c.
1100 1026 1149 1084 XI
1167 1027 1371 1104 perspicimus,

283 1111 513 1190 quodomnium
535 1131 611 1190 quae
633 1112 671 1170 ad
692 1110 819 1171 Lesbiae
841 1130 969 1170 amorem
991 1118 1126 1188 spectant
1147 1111 1284 1169 ultimum
1306 1131 1373 1171 esse

281 1198 393 1275 primus
415 1204 493 1256 recte
515 1196 724 1256 animadvertit
740 1196 991 1273 Iungclaussenus
1012 1199 1045 1254 in
1061 1204 1278 1274 programmate
1295 1197 1371 1255 Mel·

281 1281 411 1340 dorfensi
438 1302 463 1340 a.
494 1283 575 1340 1857
600 1281 750 1360 publicato
776 1301 804 1360 p.
830 1283 878 1339 16.
914 1300 984 1339 nam
1011 1282 1148 1340 carminis
1175 1280 1286 1340 XLIII
1311 1281 1371 1340 for·

280 1375 359 1426 tasse
380 1374 447 1445 post
470 1369 570 1446 scripti
592 1366 751 1443 singularis
773 1373 817 1424 est
838 1367 926 1438 ratio,
953 1373 986 1424 ut
1011 1385 1081 1426 mox
1103 1363 1277 1424 videbimus.
1313 1383 1372 1425 nec

281 1454 344 1510 sine
363 1460 441 1510 certo
460 1452 581 1511 consilio
599 1453 762 1510 instituisse
779 1449 896 1510 videtur
912 1457 1000 1528 poeta
1018 1457 1051 1509 ut
1066 1459 1214 1528 postrema
1231 1450 1270 1509 ad
1287 1450 1369 1528 puel·

278 1537 339 1594 lam
357 1556 441 1595 suam
458 1537 558 1609 verba,
576 1536 684 1614 quibus
698 1534 799 1594 sedate
813 1542 901 1614 atque
914 1534 1022 1610 frigide
1041 1554 1105 1595 eam
1121 1555 1187 1593 cum
1200 1537 1370 1595 innumera-

279 1621 389 1680 bilibus
407 1621 535 1681 moechis
553 1623 613 1679 suis
631 1622 733 1679 vivere
750 1620 908 1698 valereque
922 1639 976 1679 nec
993 1623 1085 1698 ipsius
1099 1639 1228 1679 amorem
1241 1620 1370 1699 amplius
1463 1631 1464 1658 ³

279 1713 445 1783 respectare
461 1705 552 1778 iubet,
577 1704 680 1764 eodem
697 1712 789 1764 metro
808 1705 947 1783 sapphico
966 1704 1130 1765 includeret
1147 1725 1205 1784 quo
1222 1708 1255 1763 in
1271 1707 1371 1783 prima

280 1789 393 1848 ardoris
411 1792 457 1849 sui
475 1791 658 1850 confessione
680 1786 717 1864 (e.
735 1786 792 1864 LI)
810 1809 880 1848 usus
903 1797 986 1848 esset.
1023 1798 1152 1849 ceterum
1175 1792 1229 1849 etsi
1250 1791 1367 1849 verissi·
1463 1831 1464 1848 t

279 1895 360 1933 mum
387 1883 431 1933 est
457 1875 537 1954 quod
562 1877 673 1954 primus
700 1875 911 1934 demonstravit
936 1874 975 1933 A.
997 1876 1033 1933 F.
1056 1874 1190 1933 Naekius
1217 1894 1313 1953 opusc.
1340 1875 1367 1947 I,

279 1981 307 2037 p.
324 1961 385 2018 104
395 1980 425 2033 s,
445 1959 594 2019 Catullum
611 1962 772 2040 primarum
789 1967 928 2040 quattuor
944 1959 1129 2039 stropharum
1146 1959 1370 2036 magnificentia

278 2045 364 2103 Furii
382 2052 412 2104 et
428 2045 553 2118 Aurelii,
571 2045 723 2104 hominum
741 2046 1004 2122 egentissimorum,
1022 2046 1220 2123 importunam
1238 2043 1369 2103 adsidui·
1463 2045 1464 2054 ’

278 2138 369 2189 tatem
395 2133 593 2209 perstringere
614 2131 743 2190 voluisse
773 2133 874 2208 eisque
900 2137 1083 2208 contemptus
1106 2131 1151 2188 sui
1178 2129 1368 2205 significandi

279 2235 369 2274 causa
385 2218 443 2274 ista
462 2216 535 2275 ‘non
552 2216 631 2275 bona
649 2215 741 2274 dicta'
759 2215 877 2294 puellae
894 2234 964 2274 suae
981 2214 1148 2272 nuntianda
1169 2214 1365 2287 mandavisse,

278 2308 378 2358 tamen
394 2301 451 2359 hoe
469 2301 508 2359 ad
525 2300 644 2379 plenam
661 2303 729 2358 miri
747 2301 884 2359 carminis
902 2300 1135 2376 intellegentiam
1157 2299 1290 2358 nondum
1308 2298 1367 2358 suf·

279 2385 348 2442 ficit.
383 2388 437 2444 vix
464 2394 562 2444 autem
588 2387 747 2464 quicquam
772 2386 902 2464 poemati
928 2385 967 2443 ad
996 2384 1235 2462 perspicuitatem
1264 2384 1368 2444 deesse

278 2469 403 2542 videtur,
423 2472 448 2528 ri
466 2491 532 2529 cum
551 2470 705 2530 Schwabio
723 2468 742 2528 l.
762 2490 784 2528 c.
803 2490 832 2548 p.
849 2471 907 2528 129
927 2469 1051 2548 aliisque
1068 2469 1207 2528 Lesbiam
1224 2472 1368 2529 sumimus
1463 2465 1464 2542 l

278 2553 329 2612 illo
347 2561 478 2632 tempore
496 2557 528 2614 in
545 2557 670 2632 gratiam
690 2575 756 2614 cum
774 2553 891 2614 Catullo
908 2553 1004 2614 redire
1022 2562 1157 2614 conatam
1176 2572 1249 2613 esse.
1279 2557 1367 2634 eique

279 2641 463 2699 coniecturae
481 2661 500 2698 a
516 2661 545 2698 v.
564 2643 603 2698 21
623 2642 694 2699 satis
711 2640 852 2718 praesidii
874 2639 996 2712 accedit,
1020 2641 1127 2718 inquo
1145 2639 1269 2698 verbum
1286 2639 1367 2718 quod
1463 2639 1464 2716 l

279 2733 323 2783 est
341 2735 510 2800 respectare,
533 2732 567 2784 ut
584 2727 672 2784 totius
691 2725 828 2802 strophae
851 2727 997 2784 sententia
1014 2724 1107 2798 docet,
1129 2745 1190 2783 non
1208 2725 1365 2783 ‘rationem
1463 2723 1464 2788 Ῑ

277 2809 411 2882 habere',
435 2809 488 2868 sed
510 2810 692 2888 ‘expectare’
716 2809 871 2886 significat
906 2809 1029 2868 relicum
1050 2817 1095 2868 est
1116 2817 1149 2868 ut
1171 2807 1208 2867 da
1230 2811 1366 2868 carmini·

277 2894 333 2954 bus
355 2894 467 2954 XLIII
493 2903 523 2954 et
548 2895 717 2954 LXXXVI
744 2902 861 2971 agatur,
889 2895 995 2974 quibus
1021 2895 1119 2954 minus
1141 2901 1276 2952 accurate
1297 2913 1366 2952 con-

278 2979 413 3040 sideratis
431 2981 519 3040 facile
538 2981 645 3059 aliquis
663 2979 771 3039 adduci
788 2986 884 3058 potest
901 2988 933 3038 ut
948 2979 1098 3038 Catullum
1114 2978 1218 3039 eodem
1234 2986 1366 3057 tempore
1463 3045 1464 3054 χ

277 3085 336 3144 quo
353 3064 493 3124 Lesbiam
511 3073 623 3125 amaret
645 3085 711 3125 cum
734 3064 800 3123 aliis
818 3083 934 3144 quoque
952 3064 1124 3123 mulieribus
1144 3083 1207 3123 rem
1228 3063 1366 3124 habuisse

278 3151 423 3227 opinetur,
441 3150 474 3208 id
491 3150 570 3230 quod
588 3150 697 3212 Ovidio
715 3149 831 3222 accidit,
850 3153 902 3229 qui
918 3152 992 3209 trist.
1007 3149 1114 3209 11429
1129 3169 1150 3208 s.
1169 3148 1206 3208 de
1223 3147 1274 3208 illo
1292 3149 1365 3208 haec

277 3233 362 3292 dicit:
391 3235 458 3293 ‘nec
485 3243 640 3294 contentus
667 3255 702 3295 ea
724 3233 858 3311 (Lesbia)
880 3235 987 3295 multos
1013 3235 1150 3311 vulgavit
1174 3252 1300 3306 amores,
1327 3233 1365 3292 In

278 3318 385 3398 quibus
412 3321 475 3398 ipse
500 3340 585 3378 suum
615 3319 710 3378 fassus
738 3320 958 3380 adulteriumst.’
1001 3322 1122 3378 istarum
1152 3321 1365 3396 poematiorum
1463 3379 1464 3390 ,

276 3405 358 3482 prius
375 3405 407 3462 in
425 3406 579 3481 provincia
596 3404 812 3484 Transpadana
829 3407 970 3483 scriptum
987 3402 1076 3480 (conf.
1096 3425 1122 3462 v.
1144 3401 1176 3481 6)
1195 3403 1234 3462 ad
1250 3401 1364 3463 Ameti-
1463 3395 1464 3438 l

275 3508 346 3546 nam
372 3488 515 3567 puellam,
543 3489 703 3549 decoctoris
729 3491 895 3562 Formiani,
922 3492 940 3548 i.
966 3508 990 3549 e.
1017 3489 1197 3561 Mamurrae,
1229 3489 1364 3562 amicam,
1463 3545 1464 3558 ,

276 3581 408 3652 spectare
431 3576 600 3650 conparatio
626 3576 704 3634 inter
729 3574 785 3633 hoc
812 3583 841 3633 et
862 3595 887 3634 c.
910 3575 986 3633 XLI
1011 3577 1147 3632 instituta
1174 3573 1362 3632 demonstrat.

275 3678 310 3717 ea
328 3661 419 3736 igitur
436 3659 544 3737 puella,
567 3659 668 3718 favore
686 3659 862 3732 Mamurrae,
886 3659 1014 3718 hominis
1039 3658 1214 3732 divitissimi,
1238 3659 1366 3737 superba

274 3743 361 3818 facta,
391 3741 541 3803 Catullum
565 3765 664 3804 amore
687 3764 740 3804 suo
766 3745 826 3803 frui
848 3747 1014 3824 cupientem
1037 3747 1198 3802 maximam
1220 3745 1365 3822 pecuniae

275 3849 417 3888 summam
435 3839 617 3908 poposcerat.
654 3850 744 3910 quam
767 3851 832 3889 cum
852 3830 922 3890 dare
939 3837 1026 3908 poeta
1048 3837 1100 3888 aut
1116 3829 1209 3888 nollet
1230 3835 1282 3887 aut
1302 3848 1364 3887 non

273 3923 379 3991 posset,
407 3917 452 3974 ira
474 3923 636 3974 commotus
662 3915 745 3974 illam
768 3937 791 3975 c.
814 3915 890 3973 XLI
911 3924 1060 3994 tamquam
1087 3916 1223 3973 insanam
1247 3921 1363 3986 tractat,

273 4019 297 4056 c.
319 3999 430 4058 XLIII
457 4009 557 4060 autem
584 4006 664 4060 omni
689 3999 917 4080 pulchritudinis
939 4001 1027 4058 laude
1053 4001 1171 4078 privare
1197 3999 1293 4059 studet
1319 4001 1364 4056 in-

275 4087 485 4164 eptissimeque
510 4105 664 4146 eamcam
687 4086 797 4145 Lesbia
823 4105 877 4144 sua
899 4086 1053 4164 conparari
1075 4083 1154 4142 dicit.
1189 4086 1243 4142 vix
1264 4093 1364 4143 autem

270 4177 370 4246 potest
393 4170 516 4230 dubium
539 4192 602 4233 esse
620 4173 692 4252 quin
716 4170 774 4229 duo
796 4171 870 4230 haec
892 4172 923 4229 in
942 4171 1112 4230 Ametinum
1133 4171 1282 4248 poematia
1303 4189 1365 4228 non
