2954 4990
306 393 399 435 XXXIV
737 388 965 432 rssouseonmua

307 517 358 572 est.
376 541 418 550 —-
434 511 488 568 vix
509 511 606 567 minua
628 506 713 566 nobis
731 507 851 586 quidem
869 510 920 587 qui
938 526 1003 567 sero
1020 511 1148 570 vivimus
1173 510 1336 570 obscurum
1361 520 1416 570 est
1470 499 1471 572 l

308 616 332 654 c.
348 593 462 666 CXIII,
481 593 561 686 quod
573 593 717 671 Pompeio
731 594 838 652 iterum
856 593 986 693 consule,
1003 593 1072 694 ¹¹2⁰·
1087 614 1112 653 a.
1128 591 1241 674 699l55
1257 597 1414 673 scripturn

305 698 370 740 esse
395 697 497 739 versus
524 677 670 738 secundus
697 676 790 736 docet.
825 685 915 756 atquc
941 677 973 736 rd
994 678 1114 757 qurdem
1141 688 1253 740 certum
1279 679 1415 740 videtur
1470 699 1471 734 ι

304 766 393 845 primi
423 771 452 824 et
483 763 603 822 alterius
632 763 768 840 Pompeii
797 761 967 822 consulatus
998 768 1305 825 commemorationem
1340 787 1413 824 non

306 849 401 910 solum
423 849 563 927 temporis
586 847 748 906 definiendi
775 867 864 906 causa
889 847 963 920 fieri,
990 848 1042 907 sed
1067 852 1220 928 propriam
1246 850 1412 929 quoddam

304 953 430 994 acumen
446 934 564 1004 habere,
581 950 703 1011 remque
719 935 751 990 in
768 932 824 992 hoc
842 935 1053 1010 epigrammate
1071 935 1268 1009 significatam
1288 935 1328 994 ab
1349 935 1411 994 illo

305 1040 366 1078 non
384 1018 472 1097 plane
490 1018 618 1077 alienam
640 1017 739 1077 fuisse.
775 1016 827 1077 sed
848 1017 972 1077 ulterius
989 1019 1128 1097 progredi
1149 1022 1182 1079 in
1203 1022 1294 1078 tantis
1316 1027 1410 1080 tene

304 1105 367 1164 bris
389 1124 449 1163 non
472 1102 623 1175 audemus,
646 1121 743 1181 neque
760 1100 910 1162 Schwabii
931 1124 959 1182 p.
984 1105 1045 1161 213
1060 1123 1096 1163 ss.
1120 1104 1333 1164 confidentiam
1357 1109 1409 1164 in-

304 1189 471 1266 tellegimus
490 1209 548 1268 qua
563 1187 720 1248 Caesarem
738 1196 769 1247 et
781 1188 963 1247 Mamurram
981 1197 1014 1247 ut
1025 1190 1151 1264 Muciae,
1170 1190 1307 1268 Pompeii
1326 1189 1408 1249 olim

304 1277 413 1348 uxoris,
436 1273 584 1334 adulteros
605 1303 649 1314 —
670 1292 740 1332 nam
761 1272 906 1331 Pleitneri
929 1275 1128 1333 coniecturam
1150 1274 1304 1353 amplexus
1328 1295 1360 1334 v.
1382 1277 1406 1332 2

303 1361 449 1418 Mocillam
462 1379 515 1440 pro
529 1361 689 1416 Maecilium
702 1357 832 1434 legit-
845 1357 995 1434 designari
1008 1358 1168 1420 contendit.
1195 1361 1243 1418 cui
1261 1361 1405 1439 opinioni

303 1466 365 1504 non
380 1465 477 1523 pauca
492 1444 626 1524 profecto
645 1441 685 1502 ad
702 1440 941 1522 probabilitatem
958 1442 1073 1504 desunt
1090 1475 1133 1488 -
1150 1447 1284 1523 sequitur
1305 1451 1342 1502 ut
1361 1444 1404 1505 de

304 1529 483 1590 carminibus
505 1527 610 1587 XCIV
628 1527 683 1588 CV
701 1525 805 1588 CXIV
822 1525 909 1587 CXV
930 1537 1048 1605 agatur,
1071 1531 1104 1588 in
1126 1528 1233 1610 quibus
1258 1528 1402 1589 Catullus

302 1616 451 1674 hominem
478 1613 627 1693 quendam
654 1612 707 1672 sub
734 1613 854 1672 nomine
875 1611 1027 1675 Mentulam
1051 1613 1132 1673 haud
1159 1613 1248 1674 dubie
1272 1613 1402 1674 ludibrii

304 1719 393 1758 causa
410 1700 478 1758 ficto
496 1697 636 1757 adoritur.
664 1717 752 1777 quem
769 1716 830 1756 non
847 1715 911 1758 esse
925 1699 1017 1757 elium
1031 1717 1121 1777 quam
1134 1699 1315 1758 Mamurram
1334 1703 1400 1758 iam

303 1784 421 1844 saeculo
444 1782 658 1843 sextodecimo
682 1782 836 1862 conplures
859 1787 1044 1859 grammatici
1065 1791 1286 1863 perspexerunt
1322 1805 1399 1844 nam

303 1888 380 1949 quae
396 1871 429 1928 in
445 1869 540 1928 tribus
558 1867 664 1927 horum
677 1870 922 1946 epigrammatum
936 1871 1120 1946 castigantur
1132 1871 1216 1942 vitia,
1234 1869 1400 1929 immodica

301 1953 395 2014 libido
421 1941 551 2014 venerea
575 1953 805 2032 divitiarumque
830 1954 996 2030 ingentium
1022 1954 1161 2032 profusio,
1189 1973 1225 2013 ea
1250 1958 1282 2013 in
1307 1954 1398 2014 illum
1470 1987 1471 1996 ι

301 2060 419 2120 prorsus
437 2038 556 2112 eadunt,
579 2041 709 2118 itemque
731 2037 919 2098 versificandi
941 2038 1071 2098 studium
1092 2041 1126 2098 in
1147 2060 1171 2098 c.
1190 2039 1246 2100 CV
1262 2038 1398 2099 derisum

300 2128 330 2186 ei
351 2133 452 2205 aptum
477 2133 521 2184 est
542 2144 631 2204 quern
653 2131 741 2203 poeta
763 2143 788 2182 c.
809 2123 900 2184 LVII
924 2125 942 2181 t
964 2132 998 2182 ut
1019 2123 1198 2184 eruditulum
1225 2124 1397 2187 cavillatur.

301 2210 354 2271 sed
372 2213 580 2289 gravissimum
598 2216 814 2287 argumentum,
837 2228 896 2287 quo
915 2209 1103 2268 confirmatur
1125 2217 1283 2288 utrumque
1299 2209 1397 2269 honri-

299 2316 369 2356 nem
390 2316 483 2355 unum
504 2295 689 2374 eundemque
712 2313 784 2367 esse,
811 2311 850 2352 ex
872 2314 896 2352 c.
913 2293 1026 2352 XXIX
1049 2296 1087 2352 13
1110 2296 1227 2372 petitur,
1254 2294 1306 2353 ubi
1327 2295 1396 2354 Ma-

299 2401 400 2440 murra
417 2381 489 2439 ‘ista
505 2387 603 2440 vestra
625 2379 656 2454 (i.
676 2399 700 2439 e.
719 2377 855 2438 Caesaris
872 2387 902 2438 et
918 2376 1067 2458 Pompeii)
1086 2379 1225 2439 diffututa
1246 2381 1394 2440 mentula'

300 2465 392 2539 audit,
406 2485 533 2545 quocum
546 2485 569 2525 c.
583 2462 689 2524 XCIV
705 2467 721 2520 1
737 2471 766 2522 et
780 2463 866 2524 CXV
879 2465 898 2522 8
912 2463 1054 2524 conferas.
1085 2467 1145 2523 iam
1160 2485 1226 2523 cum
1241 2485 1264 2523 c.
1276 2464 1395 2528 XXIX

265 2575 267 2583 ι
299 2549 380 2628 apud
397 2549 536 2628 aequales
553 2549 770 2609 nobilissimum
787 2555 871 2621 esset,
889 2546 978 2608 facile
995 2549 1060 2609 fieri
1075 2551 1172 2627 potuit
1188 2558 1224 2608 ut
1238 2548 1309 2609 hinc
1325 2551 1395 2611 Ma·

298 2655 399 2694 murra
415 2636 646 2710 ignominiosum
662 2632 738 2692 illud
758 2653 867 2692 nomen
889 2636 1043 2712 acciperet,
1066 2653 1161 2713 eoque
1181 2634 1272 2695 semel
1294 2635 1394 2696 divul-

298 2727 368 2799 gato
386 2721 450 2798 ipse
463 2727 566 2797 postea
582 2726 670 2797 poeta
684 2726 836 2797 tamquam
852 2720 971 2798 proprio
985 2718 1024 2778 ad
1036 2719 1228 2778 libidinosum
1240 2718 1393 2782 hominem

299 2803 516 2883 designandum
542 2811 624 2863 tanto
645 2803 795 2864 lubentius
823 2812 965 2875 uteretur,
992 2812 1102 2883 quanto
1124 2807 1219 2881 magis
1241 2804 1393 2884 dactylica

297 2889 436 2952 vocabuli
453 2908 592 2949 mensura
609 2887 742 2948 distichis
759 2919 801 2930 -
819 2891 851 2948 in
874 2889 920 2948 his
943 2891 1022 2948 enim
1043 2890 1113 2949 solis
1131 2891 1260 2948 Mentula
1280 2910 1392 2952 nomen

297 2977 383 3037 nobis
402 2978 528 3036 occurrit
544 3005 586 3017 -
603 2974 712 3035 idonea
729 2981 813 3034 esset.
845 2981 974 3033 ceterum
992 2973 1144 3033 Catullum
1162 2994 1198 3034 ea
1214 2976 1247 3033 in
1264 2993 1296 3034 re
1314 2977 1391 3038 cele-

295 3063 418 3122 berrimi
440 3071 544 3141 poetae
566 3059 676 3121 Graeci
698 3057 866 3138 exemplum
892 3076 955 3119 esse
981 3066 1113 3119 secutum
1139 3060 1172 3118 in
1198 3058 1258 3119 a'lia
1283 3059 1392 3122 horum

296 3148 527 3226 prolegomenon
540 3153 625 3224 parte
639 3143 912 3205 demonstrabimus.
940 3143 1013 3203 haec
1028 3146 1120 3221 igitur
1132 3145 1259 3222 simplex
1271 3144 1392 3206 videtur

296 3235 341 3292 rei
358 3250 421 3292 esse
444 3231 612 3309 explicatio.
647 3251 717 3290 nam
740 3228 820 3309 quod
837 3229 1087 3306 Iungclaussenus
1110 3250 1138 3308 p.
1159 3231 1199 3287 22
1222 3231 1390 3308 suspicatus
1470 3235 1471 3244 ’

298 3324 342 3376 est
351 3314 502 3375 Catullum
510 3323 577 3394 post
590 3335 675 3374 suam
685 3336 750 3376 cum
761 3313 888 3374 Caesam
901 3315 1179 3388 reconciliationem,
1189 3313 1294 3394 deque
1307 3316 1392 3376 infra

297 3408 415 3478 agetur,
438 3403 495 3459 etsi
516 3421 534 3458 a
555 3401 708 3459 Mamurra
728 3398 900 3459 lacessendo
924 3398 1063 3460 desistere
1084 3400 1189 3472 nollet,
1213 3407 1313 3459 tamen
1334 3401 1392 3460 im·

296 3485 439 3564 paratoria
459 3505 549 3544 causa
571 3492 671 3564 aperte
693 3486 814 3543 inimico
839 3503 890 3543 suo
912 3484 1055 3544 Insultare
1075 3487 1204 3544 veritum
1226 3483 1264 3543 ad
1286 3485 1392 3546 fictum

296 3570 373 3630 illud
390 3589 499 3629 nomen
518 3570 696 3648 confugisse,
720 3587 787 3627 eam
805 3571 1003 3629 coniecturam
1026 3569 1216 3649 conpluribus
1232 3569 1391 3648 probatam

296 3675 360 3717 esse
386 3656 485 3729 miror,
512 3657 563 3734 qui
588 3654 642 3714 tali
667 3653 755 3713 modo
781 3661 898 3732 poetam
924 3657 977 3714 vix
1003 3657 1101 3714 minus
1127 3654 1208 3733 apud
1230 3654 1391 3716 Caesarem

298 3743 478 3802 offensurum
495 3738 587 3800 fuisse
603 3747 713 3818 putem.
749 3746 855 3818 quotus
872 3741 952 3799 enim
970 3743 1096 3820 quisque
1113 3738 1218 3798 infami
1235 3741 1391 3804 Mentulae

295 3829 415 3887 nomine
431 3846 492 3884 non
511 3827 609 3884 statim
626 3824 791 3884 iamborum
804 3827 943 3885 carminis
956 3825 1069 3884 XXIX
1083 3825 1291 3886 admoueretur
1304 3845 1391 3904 opor-

296 3911 373 3972 tuit?
399 3913 460 3971 iam
478 3910 517 3970 ad
534 3918 649 3990 tempus
668 3915 807 3988 quattuor
824 3913 947 3969 istorum
964 3913 997 3970 in
1009 3909 1175 3970 Mentulam
1193 3911 1391 3989 cpIgramma·
1470 3915 1471 3920 ’

295 4007 358 4057 tum
380 3996 460 4078 quod
482 3997 596 4069 attinet,
624 3997 695 4054 satia
722 3994 905 4055 confidenter
929 4014 965 4056 ea
986 4017 1065 4056 anno
1090 3991 1205 4074 scolae
1227 3995 1392 4059 attribuere

295 4083 374 4155 licet,
392 4091 493 4160 utpote
507 4100 583 4161 quae
601 4087 630 4142 et
647 4086 714 4160 post
727 4100 751 4138 c.
765 4079 882 4139 XXIX
895 4083 1005 4160 scripta
1018 4083 1078 4140 sint
1090 4099 1188 4161 neque
1204 4088 1304 4141 tamen
1317 4081 1390 4142 ilico

294 4167 327 4225 id
336 4170 486 4248 cxcepIsse
498 4169 621 4248 possint,
631 4164 750 4248 quando
765 4185 869 4228 sonum
883 4166 976 4226 multo
990 4167 1043 4227 illo
1059 4165 1236 4228 sedatiorem
1248 4165 1390 4230 habeant.
