2968 4990
274 385 342 428 exn
660 381 838 426 enuoufflo
860 381 984 425 eulmen

278 511 379 564 notam
400 501 490 580 vulgo
513 509 543 562 et
563 500 601 561 ab
623 500 757 579 Hauptio
778 507 846 578 post
863 503 971 576 periret
991 504 1119 579 positam
1141 501 1254 562 sustuli
1300 523 1380 564 nam

280 592 405 647 continuo
422 608 483 647 non
503 594 600 666 potest
620 606 682 646 non
698 585 872 644 adverbium
889 604 961 659 esse,
984 588 1028 644 die
1044 584 1245 646 Saturnalibus
1268 597 1379 649 autem

276 694 369 734 unam
395 674 545 733 notionem
570 670 661 730 efficit
691 677 794 750 estque
819 669 923 730 eodem
952 669 1039 730 modo
1066 669 1177 732 dietum
1202 693 1260 753 quo
1288 675 1379 752 apud
1466 745 1467 748 Ἴ

278 759 420 818 Plautum
437 755 561 816 Poenul.
575 757 609 816 Π
622 757 663 814 49
682 757 726 812 die
743 757 812 813 bono
825 754 1011 831 Aphrodisiis.
1039 765 1169 816 ceterum
1185 760 1219 816 in
1235 757 1378 818 tollenda

280 843 469 902 distinetione
489 843 616 920 praeivit
632 839 770 900 Klotzius
792 839 906 900 emend.
930 861 959 919 p.
976 841 1031 912 VI,
1053 840 1106 900 sad
1127 844 1153 900 is
1174 861 1229 902 nee
1248 842 1285 903 de
1305 845 1378 902 nni-

278 947 366 987 versa
391 925 486 985 forma
511 928 652 984 orationis
678 933 757 985 reete
782 924 927 984 indicavit
951 933 982 984 et
1007 925 1133 985 altarum
1158 946 1275 1006 quoque
1304 936 1378 1007 past

279 1011 479 1070 Saturnalibus
497 1029 610 1069 comma
626 1012 759 1082 removit,
782 1029 841 1088 qna
858 1011 889 1069 in
906 1028 939 1068 re
956 1011 1106 1070 invenisse
1123 1030 1190 1070 eum
1207 1015 1259 1091 qui
1277 1012 1377 1072 adsti-
1467 1021 1468 1058 i

278 1096 453 1176 pularentur
473 1096 570 1154 miror.
592 1127 635 1138 -
658 1095 696 1152 19
719 1093 871 1171 Suffenum,
894 1097 984 1152 onnia
1006 1094 1138 1156 distinxi.
1174 1101 1377 1176 nequeenim

280 1180 411 1240 adducor
436 1187 469 1238 ut
493 1178 635 1256 Suffenum
660 1179 778 1239 credam
803 1179 974 1256 genetivum
1004 1183 1120 1239 numeri
1145 1181 1270 1259 pluralis
1297 1201 1375 1242 esse.

280 1287 351 1326 nam
367 1265 460 1324 verba
472 1269 563 1322 omnia
579 1285 683 1322 amena
695 1264 863 1343 generalem
875 1268 1027 1324 notionem
1040 1268 1191 1324 continent
1205 1286 1265 1345 qua
1279 1270 1376 1327 etiam
1468 1291 1469 1300 ¹

281 1352 381 1412 Cassii
399 1357 428 1409 et
445 1350 560 1429 Aquini
578 1349 862 1428 conprehendantur.
898 1348 1040 1425 Suffenum
1057 1353 1148 1408 omnia
1166 1353 1229 1410 sine
1249 1351 1376 1411 distine-

280 1440 362 1496 tione
375 1436 525 1514 Hauptius
540 1455 607 1494 eum
619 1434 819 1494 Lachmanno.
838 1465 880 1475 -
899 1435 936 1490 21
956 1434 1140 1512 parenthesis
1157 1438 1245 1512 signa
1262 1437 1374 1514 quibua

280 1521 491 1581 Laohmannus
522 1520 730 1598 Hauptiusque
759 1522 848 1576 valete
879 1518 1002 1578 verbum
1031 1519 1213 1580 incluserunt
1246 1526 1374 1581 removi.

282 1606 358 1666 conf.
376 1605 516 1663 Klotzius
532 1602 552 1662 l.
571 1624 595 1663 e.
614 1611 643 1663 et
660 1604 783 1662 Ellisius
800 1605 833 1662 in
850 1606 1067 1663 commentario.

345 1690 423 1749 XIV
428 1695 442 1724 ⁵
459 1689 657 1764 fragmentum
680 1691 818 1747 carminis
839 1688 920 1747 haud
942 1688 1031 1748 dubie
1053 1697 1156 1748 eontra
1178 1708 1227 1749 eos
1252 1692 1375 1751 missia
1469 1699 1470 1708 ’

282 1774 389 1856 quibus
412 1781 474 1834 erat
495 1772 575 1853 quod
594 1771 728 1832 Catullus
754 1776 858 1851 poesin
879 1793 962 1833 suam
989 1777 1187 1852 vituperatum
1208 1776 1247 1834 iri
1270 1778 1374 1835 existi-

282 1866 384 1926 maret.
411 1857 487 1918 eonf.
503 1879 527 1916 e.
537 1857 623 1917 XVI.
650 1878 720 1916 nam
734 1858 825 1918 verba
842 1879 994 1934 manusque
1011 1869 1121 1917 vestras
1138 1859 1206 1916 Non
1223 1860 1375 1918 horrebitis

280 1947 427 2002 adsuevere
449 1945 527 2001 nobis
549 1945 713 2002 necessario
736 1941 773 2002 de
795 1941 904 2002 infesta
922 1945 1150 2004 contrectatione
1168 1943 1374 2022 intellegenda

280 2038 363 2104 eunt,
388 2047 464 2108 quae
486 2032 512 2087 si
533 2028 595 2088 iere
616 2027 696 2088 idem
714 2027 916 2104 significarent
933 2049 1022 2106 quem
1039 2029 1131 2088 verba
1148 2033 1264 2087 lectores
1283 2034 1372 2104 oritis,

281 2115 457 2194 praeoedere
484 2133 527 2188 ea,
554 2133 615 2174 non
641 2117 722 2193 sequi
750 2112 906 2172 debebant.
942 2117 1043 2193 itaque
1069 2114 1119 2173 vel
1144 2113 1214 2173 hine
1236 2123 1375 2193 apertum

282 2221 373 2280 quam
398 2203 499 2278 inepte
525 2198 648 2258 iecerint
674 2202 725 2278 qui
747 2197 800 2257 hos
821 2197 983 2258 versiculos
1006 2219 1072 2259 eum
1094 2202 1137 2258 eia
1158 2201 1265 2278 quiin
1287 2200 1376 2260 libris

280 2294 350 2365 post
367 2305 391 2344 a.
410 2284 443 2343 II
461 2292 530 2343 sunt
547 2287 767 2360 coniungerent.

347 2370 409 2429 XV
428 2371 466 2426 12
489 2371 536 2426 ubi
557 2371 609 2426 erit
629 2370 702 2442 soris
720 2378 856 2444 paratum
874 2371 1016 2427 coniunxi
1033 2375 1148 2428 veteres
1165 2368 1311 2430 editiones
1331 2390 1377 2431 se-

281 2462 376 2513 eutus.
421 2455 467 2510 ubi
494 2456 546 2511 erit
569 2455 651 2527 foris,
676 2463 812 2530 paratum
836 2453 987 2531 Hauptius
1013 2474 1080 2512 cum
1105 2454 1305 2514 Lachmanna
1332 2484 1376 2497 -
1471 2495 1472 2530 ,

285 2539 325 2595 17
344 2559 363 2596 a
381 2536 501 2596 Statius.
536 2538 573 2595 ba
591 2536 617 2597 Ο
636 2544 665 2597 et
682 2537 712 2597 G
730 2557 807 2615 apr.
826 2558 863 2596 m.
899 2540 935 2596 ab
953 2538 1111 2617 Hauptius.

347 2622 463 2682 XVI8
486 2632 551 2679 sunt
578 2621 693 2681 codices
718 2622 811 2681 Plinii
837 2624 921 2701 epist.
944 2623 990 2682 IV
1009 2623 1096 2683 145.
1136 2626 1191 2682 sint
1212 2623 1250 2696 V,
1274 2632 1304 2684 et
1332 2629 1375 2684 sia

282 2707 494 2768 Lachmannus
506 2708 722 2787 Hauptiusque.
740 2738 784 2748 —
801 2707 819 2765 9
834 2719 956 2784 possunt
972 2707 1009 2768 V.
1040 2711 1153 2785 possint
1171 2727 1190 2776 ς
1206 2729 1268 2768 non
1287 2711 1373 2783 nulli,

282 2794 434 2870 Hauptius
452 2812 517 2852 eum
535 2792 736 2851 Lachmanno.

347 2877 444 2936 XVII
462 2878 479 2935 6
502 2877 679 2935 Salisubsilis
694 2877 813 2937 Statius.
840 2880 896 2936 sali
912 2879 1010 2936 subsili
1027 2879 1063 2938 V.
1089 2878 1252 2937 Salisubsili
1268 2879 1377 2960 Haup-

284 2967 344 3024 tius
363 2983 430 3022 oum
446 2963 649 3022 Lachmanno.

348 3047 429 3106 XXI
448 3049 466 3106 3
489 3058 538 3106 aut
559 3058 624 3106 sunt
646 3054 820 3127 suspectum.
855 3047 931 3106 conf.
949 3046 1059 3106 XXIV
1078 3049 1128 3108 ls.
1150 3059 1215 3106 unte
1237 3059 1287 3106 aut
1305 3061 1376 3125 post

280 3135 350 3192 aliis
376 3133 590 3194 Froehliehius.
618 3143 667 3191 aut
694 3133 814 3210 postbao
843 3134 908 3190 aliis
934 3132 1082 3192 Handius.
1109 3164 1150 3174 -
1179 3136 1216 3191 11
1244 3154 1263 3190 a
1284 3144 1311 3191 te
1338 3139 1377 3192 mi

280 3221 390 3296 scripsi
411 3239 477 3277 eum
498 3220 644 3279 Munrone
664 3238 693 3296 p.
713 3218 762 3288 50,
785 3218 844 3276 nisi
866 3216 946 3296 quod
967 3217 1015 3276 hio
1040 3221 1092 3275 mei
1115 3217 1219 3276 maluit
1241 3212 1273 3291 (a
1294 3228 1376 3282 tanet

285 3299 512 3378 Froehliehins).
552 3304 588 3361 ult
605 3324 646 3361 ms
662 3323 704 3361 rna
720 3303 871 3380 Hauptius
893 3322 963 3362 eum.
978 3301 1137 3379 Scaligero.
1168 3323 1250 3361 inemo
1266 3302 1315 3362 vel
1332 3324 1378 3363 me

283 3405 329 3442 one
346 3387 382 3445 V.

351 3469 449 3528 XXII
466 3470 485 3527 5
509 3473 708 3547 palimpsestos
728 3471 934 3532 Baehrensius.
969 3473 1140 3548 palmisepto
1161 3473 1200 3545 V,
1222 3470 1301 3532 unde
1321 3493 1380 3549 pa-

281 3558 428 3632 limpsesto
451 3555 521 3614 olim
542 3555 641 3631 vulgo.
682 3559 895 3632 palimpsestum
920 3556 958 3617 N.
977 3557 1128 3617 Heinsius.
1171 3560 1380 3632 palimpseston

286 3641 438 3719 Hauptius
455 3638 494 3699 de
511 3642 679 3701 coniectura
695 3641 889 3701 Lachmanni.
903 3673 945 3682 -
965 3642 983 3699 ‘l
1001 3643 1155 3700 menbrana
1166 3643 1204 3716 V,
1222 3645 1241 3700 i.
1256 3661 1279 3701 e
1294 3663 1381 3702 owin-

279 3729 402 3799 bronae,
421 3724 501 3806 quod
518 3723 625 3786 reduxi
644 3745 710 3784 eum
727 3727 874 3787 Munrone
886 3747 915 3805 p.
929 3727 1016 3786 50ss.
1042 3729 1200 3785 menbrana
1213 3726 1379 3802 Aventius,

283 3831 374 3892 quem
395 3811 606 3871 Lachmannus
629 3818 658 3869 et
680 3811 829 3889 Hauptius
856 3832 923 3872 eum
948 3812 1095 3890 plerisque
1121 3813 1256 3872 omnibus
1282 3817 1382 3873 seeuti

287 3904 356 3956 sunt
379 3899 423 3956 ita
447 3905 481 3957 ut
506 3897 583 3955 hano
604 3914 708 3955 vocem
730 3916 797 3955 cnm
819 3897 1008 3976 sequentibus
1029 3897 1128 3957 verbis
1152 3901 1381 3975 coniungerent.

284 4001 390 4041 verum
402 3984 561 4040 menbrana
573 4000 681 4041 nomen
699 3980 755 4040 hoe
769 3981 832 4041 loeo
846 4001 906 4042 non
919 3990 1016 4060 potest
1032 3984 1091 4041 nisi
1108 3990 1312 4059 tegumentum
1325 3984 1382 4043 vel

287 4067 470 4127 involuerum
492 4067 563 4127 libri
581 4067 756 4144 significare,
783 4066 874 4126 verba
896 4076 994 4127 autem
1017 4069 1128 4126 derecta
1146 4069 1259 4144 plumbo
1281 4071 1381 4127 mani-

280 4150 361 4210 ‚festo
383 4151 422 4213 ad
444 4154 521 4232 ipsas
544 4152 660 4213 chartas
677 4171 866 4233 papyraeeas,
891 4171 965 4233 quae
982 4152 1103 4232 plumbo
1127 4155 1223 4212 notari
1240 4151 1384 4222 solebant
