2976 5004
317 365 368 432 44โด
744 379 915 438 CATULLI

265 517 301 574 90
318 525 435 568 aurave
454 501 616 568 distinctos
634 501 742 569 educit
759 527 856 568 verna
873 504 1003 581 colores,

316 617 380 659 non
398 597 485 680 prius
502 619 542 661 ex
559 596 613 660 illo
631 597 798 681 flagrantia
815 595 983 662 declinavit

316 688 447 766 lumina,
465 709 562 772 quam
580 698 693 753 cuncto
712 689 856 774 concepit
873 709 1003 774 corpore
1020 691 1180 756 flammam

316 782 459 846 funditus
477 791 572 865 atque
589 782 661 845 imis
679 783 796 846 exarsit
812 793 879 847 tota
895 783 1051 848 medullis.

317 874 380 940 heu
399 876 512 940 misere
530 876 693 962 exagitans
711 877 812 940 inmiti
829 877 924 942 corde
942 878 1064 943 furores

265 990 300 1044 95
317 980 425 1033 sancte
443 991 532 1054 puer,
551 968 633 1033 curis
651 969 815 1033 hominum
832 970 888 1054 qui
906 971 1023 1054 gaudia
1040 971 1162 1050 misces,

317 1058 462 1146 quaeque
480 1062 564 1148 regis
584 1061 706 1147 Golgos
724 1083 870 1146 quaeque
887 1064 1024 1128 Idalium
1042 1066 1240 1144 frondosum,

316 1157 463 1239 qualibus
481 1155 642 1221 incensam
660 1156 800 1220 iactastis
817 1168 923 1222 mente
940 1159 1079 1242 puellam

316 1250 464 1314 fluctibus
481 1249 514 1313 in
531 1250 613 1313 flavo
632 1272 726 1334 saepe
744 1249 868 1335 hospite
887 1251 1113 1336 suspiranteml

316 1355 450 1427 quantos
468 1343 522 1408 illa
538 1343 610 1407 tulit
627 1343 790 1428 languenti
809 1344 903 1409 corde
921 1344 1059 1421 timores,

248 1457 300 1513 100
316 1460 411 1521 quam
431 1448 498 1500 tum
517 1451 611 1522 saepe
628 1437 730 1522 magis
749 1437 872 1502 fulvore
890 1439 1043 1523 expalluit
1060 1438 1139 1517 auri,

316 1554 389 1596 cum
406 1553 537 1596 saevum
556 1530 685 1615 cupiens
703 1541 813 1594 contra
830 1532 1022 1597 contendere
1040 1547 1214 1599 monstmm

315 1636 372 1689 aut
388 1637 520 1690 mortem
539 1634 702 1709 oppeteret
719 1624 863 1690 Theseus
882 1635 937 1689 aut
953 1627 1092 1710 praemia
1110 1628 1225 1693 laudis.

314 1741 379 1782 non
395 1718 521 1802 ingrata
538 1729 644 1786 tamen
662 1718 780 1782 frustra
796 1719 987 1784 munuscula
1004 1720 1085 1786 divis

315 1813 501 1899 promittens
519 1813 614 1876 tacito
633 1812 774 1896 succepit
790 1822 866 1876 vota
882 1813 1007 1878 labello.

248 1924 300 1978 105
316 1931 391 1972 nam
410 1906 546 1971 velutin
565 1925 688 1969 summo
706 1905 899 1988 quatientem
917 1907 1064 1972 bracchia
1082 1910 1190 1974 Tauro

316 2022 469 2084 quercum
486 2011 541 2063 aut
559 1999 740 2084 conigeram
759 1999 885 2063 sudanti
904 2001 1019 2067 cortice
1036 2002 1147 2086 pinum

315 2093 486 2158 indomitus
503 2092 596 2157 turbo
616 2103 825 2175 contorquens
843 2094 970 2159 flamine
987 2095 1086 2160 robur

316 2189 398 2254 eruit
416 2188 481 2267 (illa
499 2187 608 2272 procul
630 2186 780 2251 radicitus
798 2187 966 2252 exturbata

315 2305 416 2368 prona
434 2282 527 2357 cadit,
545 2282 608 2346 late
625 2303 689 2363 qua
706 2293 754 2346 est
771 2281 907 2366 impetus
925 2282 1019 2346 obvie
1036 2283 1211 2368 frangens),

247 2391 299 2448 110
316 2376 361 2441 sic
379 2375 498 2438 domito
516 2397 646 2439 saevum
664 2374 833 2459 prostravit
851 2396 982 2460 corpore
999 2376 1144 2443 Theseus
1204 2373 1205 2378 ยน

316 2469 509 2552 nequiquam
527 2468 616 2532 vanis
633 2468 802 2532 iactantem
821 2490 940 2534 cornua
956 2470 1068 2536 ventis.

315 2564 389 2627 inde
406 2563 519 2647 pedem
539 2583 646 2646 sospes
665 2563 764 2626 multa
782 2583 854 2626 cum
872 2562 967 2628 laude
984 2563 1107 2629 reflexit

316 2656 495 2727 errabunda
511 2678 624 2740 regens
642 2657 729 2720 tenui
747 2657 881 2740 vestigia
897 2657 961 2734 filo,

316 2773 356 2816 ne
373 2749 579 2834 labyrintheis
597 2772 615 2814 e
632 2749 767 2813 flexibus
785 2750 998 2833 egredientem

249 2861 299 2915 115
316 2844 391 2909 tecti
408 2843 611 2907 frustraretur
628 2842 867 2907 inobservabilis
886 2865 980 2908 error.

317 2938 373 3004 sed
391 2937 467 3020 quid
485 2959 545 3022 ego
563 2961 584 3001 a
600 2937 701 3022 primo
720 2937 880 3022 digressus
898 2938 1036 3002 carmine
1053 2939 1144 3023 plura

317 3052 569 3106 commemorem,
587 3041 623 3093 ut
640 3031 785 3112 linquens
803 3031 954 3116 genitoris
972 3032 1036 3096 filia
1053 3033 1186 3110 vultum,

316 3136 353 3190 ut
370 3124 622 3209 consanguineae
640 3124 839 3209 conplexum,
857 3136 894 3188 ut
911 3125 1046 3208 denique
1064 3127 1184 3203 matris,

317 3239 398 3303 quae
415 3219 530 3282 misera
547 3218 579 3280 in
597 3227 694 3302 gnata
712 3217 874 3303 deperdita
890 3219 1077 3294 laetabatur,

248 3327 300 3381 120
317 3312 463 3377 omnibus
479 3311 528 3375 his
546 3311 661 3376 Thesei
680 3311 806 3376 dulcem
824 3313 1016 3398 praeoptarit
1035 3335 1186 3392 amorem,

317 3418 371 3472 aut
388 3419 423 3471 ut
440 3417 530 3470 vecta
546 3406 606 3469 rati
624 3399 773 3491 spumosa
791 3407 831 3472 ad
848 3409 941 3473 litora
957 3408 1042 3475 Diae

316 3500 446 3575 venerit,
465 3510 519 3564 aut
536 3510 573 3562 ut
589 3521 658 3564 eam
678 3501 855 3566 devinctam
872 3502 992 3566 lumina
1009 3524 1119 3566 somno

315 3594 442 3677 liquerit
457 3593 621 3656 inmemori
640 3594 804 3659 discedens
822 3607 948 3680 pectore
965 3596 1122 3660 coniunx?

316 3710 410 3772 saepe
428 3688 513 3751 illam
532 3685 700 3772 perhibent
717 3688 838 3754 ardenti
856 3689 950 3753 corde
968 3689 1125 3754 furentem

248 3793 299 3849 125
316 3781 486 3846 clarisonas
503 3779 568 3844 imo
586 3780 705 3846 fudisse
724 3804 742 3846 e
759 3794 886 3868 pectore
904 3803 1008 3858 voces,

315 3896 353 3939 ac
370 3885 436 3938 tum
455 3885 641 3959 praeruptos
659 3875 780 3941 tristem
798 3877 1010 3941 conscendere
1026 3887 1160 3954 montes,

315 3968 400 4032 unde
417 3969 517 4032 aciem
534 3969 566 4032 in
584 3969 690 4054 pelagi
708 3979 812 4034 vastos
830 3971 1030 4055 pmtenderet
1048 3982 1165 4047 aestus,

315 4073 383 4126 tum
399 4061 524 4127 tremuli
544 4063 618 4128 salis
636 4063 784 4128 adversas
802 4085 986 4149 procurrere
1004 4064 1036 4128 in
1054 4065 1157 4130 undas

313 4155 421 4220 mollia
437 4156 574 4221 nudatae
592 4157 752 4223 tollentem
769 4159 909 4244 tegmina
927 4179 1029 4236 surae,
