2976 5004
753 314 921 375 OATULLI

737 505 940 590 umus

370 624 505 707 Quintia
522 624 661 692 formosa
678 627 859 704 cumulus,
878 625 956 691 mihi
972 628 1117 706 candida,
1135 631 1245 718 longa,

412 729 574 785 recteest„
617 718 697 784 haec
715 741 774 803 ego
792 721 838 786 sic
856 719 983 805 singula
1000 723 1161 800 confiteor,

369 822 470 878 totum
488 811 567 876 illud
583 811 722 876 formosa
739 834 835 898 nego:
856 835 938 877 vnum
955 813 1045 879 nullu
1061 828 1237 896 venustas,

411 906 498 969 nulla
515 905 553 985 in¹
568 915 633 970 tem
650 927 766 991 magno
785 916 831 970 est
849 927 980 991 corpore
998 907 1081 972 mica
1098 910 1183 974 salis.

290 1021 309 1074 5
368 998 489 1064 Lesbia
507 999 645 1064 formosa
662 1011 720 1074 est,
739 1021 820 1082 quae
838 1022 911 1064 eum
929 1001 1118 1085 pulcerrima
1136 1012 1243 1079 toust,

410 1103 479 1157 tum
496 1092 642 1158 omnibus
660 1115 725 1157 una
742 1093 844 1158 omnis
863 1092 1014 1178 surripuit
1031 1097 1183 1162 Veneres.

715 1532 953 1602 LXXXVIIL

366 1651 454 1734 Quid
470 1651 548 1717 facit
564 1650 602 1728 is,
623 1649 719 1728 Gelli,
737 1653 793 1735 qui
811 1675 884 1718 eum
901 1663 1001 1719 matre
1019 1666 1116 1738 etque
1133 1677 1241 1723 sorore

407 1746 509 1831 prurit
528 1756 560 1811 et
577 1745 708 1810 abiectis
725 1747 894 1832 pervigilet
911 1747 1045 1813 tunicis?

365 1840 443 1923 quid
460 1839 536 1905 facit
554 1839 591 1914 is,
609 1849 759 1924 patruum
776 1841 831 1923 qui
847 1862 912 1924 non
929 1840 1004 1905 sinit
1021 1863 1090 1907 esse
1107 1843 1278 1908 maritum?

408 1932 522 2017 ecquid
539 1933 601 1998 scis
619 1943 773 2015 quantum
791 1933 943 2018 suscipiat
959 1934 1105 1999 sceleris?

286 2053 306 2108 5
367 2026 508 2111 suscipit,
527 2047 546 2089 0
565 2024 660 2102 Gelli,
682 2036 835 2108 quantum
854 2036 918 2091 non
936 2027 1047 2091 ultime
1064 2027 1186 2113 Tethys

409 2142 468 2186 nec
485 2119 610 2206 genitor
625 2119 837 2206 nympharum
855 2120 957 2185 abluit
975 2119 1140 2187 Oceanus:

367 2237 441 2279 nem
459 2213 537 2277 nihil
555 2224 603 2278 est
620 2214 792 2296 quicquam
811 2214 947 2292 sceleris,
965 2237 1028 2298 quo
1046 2215 1179 2301 prodeat
1194 2217 1290 2296 ultra,

406 2329 471 2372 non
488 2307 516 2372 si
534 2307 672 2373 demisso
687 2330 723 2374 se
740 2308 809 2394 ipse
826 2319 915 2374 voret
933 2308 1046 2394 cupite.

746 2537 917 2552 m

729 2749 935 2816 LXXXIX.

365 2867 489 2935 Gellius
507 2879 555 2934 est
572 2867 690 2935 tenuis:
712 2869 859 2953 quidni?
881 2869 932 2934 cui
950 2879 1014 2934 tam
1032 2869 1117 2936 bona
1134 2881 1236 2938 mater

407 2972 536 3045 temque
554 2963 662 3027 valens
680 2963 768 3027 vivut
784 2975 914 3046 tamque
931 2974 1065 3028 venuste
1084 2986 1172 3032 soror

362 3066 491 3139 temque
508 3056 612 3121 bonus
629 3065 761 3141 patruus
779 3067 908 3141 tamque
925 3057 1031 3122 omnia
1047 3059 1141 3142 plena
1158 3058 1273 3144 puellis

407 3150 561 3236 cognatis,
579 3171 677 3233 quare
694 3151 721 3215 is
739 3152 864 3215 desinat
885 3173 954 3218 esse
971 3152 1097 3216 macer?
1287 3227 1291 3233 ¹

284 3259 304 3313 5
362 3243 417 3328 qui
435 3255 470 3308 ut
486 3242 564 3307 nihil
582 3243 726 3328 attingat,
744 3244 805 3308 nisi
824 3244 911 3327 quod
928 3245 977 3309 fas
995 3255 1126 3328 tangere
1144 3256 1284 3323 nonest,

406 3337 608 3422 quantumvis
626 3359 724 3422 quere
742 3337 782 3403 sit
799 3360 905 3404 macer
922 3337 1074 3403 invenies.

790 3777 867 3845 XO.

360 3898 519 3964 Nascatur
536 3921 649 3984 magus
667 3919 707 3964 ex
725 3895 811 3966 Gelli
829 3899 1001 3986 matrisque
1017 3888 1160 3966 nefande

404 3991 552 4078 coniugio
570 4002 602 4057 et
619 3992 720 4058 discat
736 3991 901 4058 Persicum
920 3993 1126 4076 aruspicium

359 4109 434 4152 nam
453 4108 566 4172 magus
583 4109 624 4152 ex
641 4098 742 4152 matre
759 4096 791 4152 et
807 4096 905 4171 gnato
926 4085 1077 4172 gignatur
1094 4095 1230 4173 oportet,
