2976 5004
772 331 940 390 CATULLI

769 523 937 588 LXXIII.

343 643 463 708 Desine
481 642 520 707 de
538 664 700 725 quoquam
717 642 889 724 quicquam
907 643 989 708 bene
1007 645 1088 710 velle
1107 645 1221 712 mareri

384 749 439 801 aut
456 737 593 819 aliquem
612 737 680 802 fieri
697 758 791 821 posse
809 747 921 820 putare
938 737 1037 821 pium.

342 831 449 894 omnia
465 841 538 895 sunt
555 831 690 914 ingrata,
707 830 787 895 nihil
804 830 917 895 fecisse
934 832 1073 916 benigna

384 924 447 989 iam
465 924 566 988 Iuvat:
584 924 680 988 immo
699 925 793 988 etiam
812 923 918 989 taedet
934 923 1088 1008 obestque
1105 926 1218 1011 magis,

306 1033 324 1087 5
341 1028 378 1081 ut
394 1017 481 1093 mihi,
499 1038 594 1099 quem
611 1040 704 1083 nemo
723 1018 851 1102 gravius
868 1039 928 1081 nec
946 1019 1092 1083 acerbius
1109 1031 1213 1103 urget,

384 1132 480 1195 quam
490 1112 584 1176 modo
594 1112 648 1196 qui
661 1134 712 1176 me
722 1134 821 1175 uuum
836 1121 931 1193 atque
946 1111 1076 1176 unicum
1090 1112 1228 1178 amicum
1241 1112 1375 1180 habuit.

766 1551 933 1618 LXXIV.

341 1672 464 1739 Gellius
482 1672 625 1737 audierat
642 1682 791 1756 patruum
808 1671 978 1756 obiurgare
996 1673 1107 1749 solere,

382 1767 480 1851 siquis
498 1766 625 1832 delicias
644 1765 763 1830 diceret
780 1777 836 1828 aut
852 1764 981 1830 Iaceret.

338 1861 399 1926 hoc
416 1883 458 1925 ne
473 1860 534 1945 ipsi
552 1859 718 1935 accideret,
736 1858 841 1944 patrui
858 1858 1043 1943 perdepsuit
1059 1859 1162 1944 ipsam
1181 1919 1184 1926 Α

381 1977 512 2018 uxorem
530 1964 561 2018 ct
579 1967 727 2038 patruum
744 1951 882 2017 reddidit
898 1953 1141 2036 Harpocratem.

304 2063 322 2118 5
338 2051 425 2132 quod
442 2048 542 2112 voluit
559 2047 648 2112 fecit:
667 2070 752 2122 nam,
770 2047 915 2129 quamvis
933 2046 1070 2110 inrumet
1087 2047 1191 2131 ipsum

380 2164 465 2207 nunc
482 2152 641 2228 patruum,
659 2141 793 2205 verbum
810 2161 874 2204 non
892 2138 988 2204 faciet
1004 2150 1145 2225 patruus.

761 2371 932 2384 m·-

771 2581 919 2648 LXXV.

337 2705 433 2770 Nulla
451 2712 555 2789 potest
572 2701 684 2766 mulier
702 2711 825 2766 tantum
843 2725 877 2767 se
895 2702 1000 2767 dicere
1017 2711 1157 2766 amatam
1233 2725 1368 2771 mxvu

380 2821 464 2873 vere,
483 2807 638 2880 quantum
657 2819 676 2859 a
694 2819 745 2860 me
764 2795 884 2860 Lesbia
901 2807 1005 2859 amata
1023 2795 1132 2860 mea's.

337 2894 423 2958 nulla
440 2892 519 2957 fides
536 2892 602 2954 ullo
619 2890 680 2954 fuit
698 2911 849 2973 umquam
868 2890 900 2953 in
918 2890 1046 2954 foedere
1063 2901 1161 2967 tauta

379 2997 498 3069 quanta
514 2985 547 3048 in
566 3006 672 3048 amore
689 2993 744 3048 tuo
762 3006 802 3048 ax
820 2995 909 3068 parte
926 2995 1051 3068 reperta
1068 2993 1177 3048 meast.

301 3093 421 3147 cnunc
439 3089 486 3144 est
503 3100 592 3142 mens
612 3077 739 3141 diducta
756 3089 821 3154 tua,
840 3100 911 3142 mea
928 3076 1059 3154 Lesbia,
1078 3078 1181 3163 culpa,
1276 3102 1365 3147 mv

379 3187 474 3257 atquc
492 3172 536 3236 ita
554 3194 588 3236 se
606 3171 711 3236 officio
729 3170 866 3256 perdidit
882 3171 951 3256 ipsa
969 3193 1037 3247 suo,

336 3279 372 3331 ut
389 3267 452 3330 iom
470 3288 530 3330 nec
547 3266 628 3330 bene
646 3266 728 3331 velle
746 3276 843 3348 queat
860 3265 928 3342 tibi,
947 3265 973 3328 si
990 3265 1111 3350 optima
1127 3266 1198 3342 fias,

378 3382 437 3426 nec
455 3359 605 3426 desistere
624 3382 740 3436 amaro,
758 3359 864 3423 omnia
880 3360 907 3423 si
924 3358 1033 3424 facias.

764 3801 928 3867 LXXVI.

335 3920 438 4006 Siqua
456 3921 632 3987 recordanti
651 3920 818 3985 benefacta
836 3921 941 4006 priora
958 3920 1104 4005 voluptas

378 4026 426 4081 est
444 4015 574 4092 homini,
593 4038 667 4079 cum
685 4036 718 4078 se
736 4014 854 4099 cogitat
872 4037 942 4079 esse
959 4015 1057 4099 pium,

334 4132 394 4176 nec
411 4121 553 4174 sanctam
571 4109 706 4174 violasse
724 4108 829 4185 fidem,
848 4131 907 4173 nec
925 4109 1052 4173 foedere
1069 4108 1102 4173 in
1120 4107 1186 4173 ullo
