2968 4990
349 309 394 384 24
780 327 949 386 curuum

437 453 524 521 cordi
542 451 705 518 Catullum
721 450 863 517 laedere:
885 461 919 516 at
935 450 1052 536 quibus
1069 452 1197 530 cordist,

437 547 550 634 quovis
569 545 725 612 Sabinum
743 545 876 632 pignore
894 567 964 610 esse
981 543 1201 630 contendunt),

315 659 334 716 5
436 642 493 708 sed
511 663 568 706 seu
587 638 706 704 Sabine
724 639 791 704 sive
809 638 915 704 verius
932 637 1060 716 Tiburs,

435 736 483 802 fui
499 734 635 800 libenter
651 733 685 798 in
702 743 758 798 tua
775 731 959 797 suburbana

436 829 512 895 villa
528 827 708 910 malamque
725 837 854 912 pectore
871 825 980 912 expuli
997 826 1120 904 tussim,

413 923 501 988 lnon
517 921 683 987 inmerenti
701 941 798 1004 quam
817 919 893 984 mihi
911 941 1001 986 meus
1019 931 1140 998 venter,

422 1003 512 1106 {dum
530 1025 733 1100 sumptuosas
751 1025 878 1099 appeto,
897 1012 994 1091 dedit,
1012 1035 1116 1079 cenas.

298 1125 335 1182 10
435 1133 521 1186 nam,
541 1107 707 1175 Sestianus
725 1107 802 1171 dum
819 1105 893 1172 volo
911 1129 980 1172 esse
998 1108 1143 1187 conviva,

421 1198 610 1268 ·'0rationem
628 1200 662 1266 in
678 1200 813 1265 Antium
831 1199 998 1285 petitorem

424 1289 565 1383 ¹'plenam
582 1295 696 1360 veneni
714 1305 746 1359 et
762 1293 959 1378 pestilentiae
976 1295 1050 1380 legi.

435 1391 487 1456 hic
505 1412 556 1454 me
573 1387 708 1474 gravido
724 1387 842 1472 frigida
859 1400 891 1453 et
908 1387 1057 1472 frequens
1074 1387 1168 1453 tussis

436 1483 600 1569 quassavit
616 1503 717 1566 usque
735 1482 811 1546 dum
829 1482 862 1546 in
880 1492 971 1546 tuum
989 1482 1092 1546 sinum
1111 1481 1182 1566 fugi

299 1601 334 1657 15
437 1588 470 1645 et
487 1599 545 1642 me·
553 1576 699 1641 recuravi
716 1575 843 1658 otioque
861 1587 893 1640 et
909 1575 1021 1640 urtica.

417 1671 535 1756 '‘quare
552 1670 690 1735 refectus
707 1670 862 1734 maximas
880 1668 939 1734 tibi
956 1680 1061 1756 grates

421 1780 510 1851 'ago,
528 1787 634 1829 meum
653 1763 739 1847 quod
757 1785 821 1828 non
838 1786 873 1829 es
891 1763 958 1828 ulta
974 1773 1151 1848 peccatum.

423 1845 496 1926 inec
514 1859 667 1944 deprecor
683 1857 757 1934 iam,
776 1858 803 1921 si
820 1857 942 1922 nefaria
959 1858 1076 1944 scripta

426 1953 525 2021 *Sesti
541 1973 681 2037 reccpso,
699 1951 777 2034 quin
795 1951 1000 2036 gravedinem
1018 1962 1050 2017 et
1067 1949 1177 2016 tussim

437 2069 501 2111 non
519 2046 573 2122 mi,
592 2045 649 2110 sed
666 2045 727 2130 ipsi
746 2044 851 2110 Sestio
868 2043 951 2110 ferat
967 2045 1078 2132 frigus,

437 2141 492 2226 qui
509 2151 579 2203 tum
596 2148 689 2205 vocat
706 2161 768 2216 me,
791 2161 864 2204 cnm
880 2138 1000 2204 malum
1017 2139 1134 2205 librum
1151 2137 1226 2224 legi.

805 2486 917 2554 XLV.

388 2584 564 2699 x*‚¹Acmen
582 2604 766 2691 Septumius
784 2627 858 2671 suos
877 2629 1000 2674 amores

408 2745 413 2794 4
438 2712 549 2766 tenens
566 2698 600 2763 in
617 2699 737 2785 gremio
756 2701 856 2766 ‘mea’
878 2700 981 2784 inquit
998 2703 1127 2780 ‘Acme,

409 2869 412 2879 Ι
438 2794 471 2858 ni
488 2804 520 2859 te
537 2793 657 2879 perdite
676 2815 748 2857 amo
766 2804 861 2877 atque
879 2817 985 2860 amare
1003 2818 1096 2880 porro

409 2883 413 2908 ⁸
438 2910 548 2952 omnes
566 2909 638 2951 sum
655 2886 789 2952 adsidue
805 2899 935 2972 paratus
955 2911 1054 2952 annos

412 2992 415 3003 “
439 2995 594 3065 quantum
611 2980 667 3063 qui
684 2992 757 3066 pote
774 2981 944 3066 plurimum
963 2982 1076 3068 perire,

439 3075 524 3139 solus
543 3074 575 3138 in
593 3073 701 3159 Libya
718 3074 873 3160 Indiaque
891 3085 974 3141 tosta

414 3169 543 3248 ¹‚caesio
560 3167 686 3232 veniam
703 3168 816 3232 obvius
836 3168 939 3232 leoni?

319 3265 325 3312 ἱ
439 3259 500 3328 hoc
517 3271 554 3326 ut
570 3260 659 3338 dixit,
677 3261 789 3339 Amor,
808 3262 934 3327 sinistra
950 3266 967 3343 †
984 3272 1021 3328 ut
1037 3273 1122 3341 ante,

438 3359 455 3437 †
473 3356 585 3421 dextra
601 3355 734 3420 sternuit
752 3355 1022 3441 adprobationem.

441 3461 474 3514 at
491 3451 593 3514 Acme
611 3448 722 3514 leviter
740 3460 835 3535 caput
852 3451 1016 3516 reflectens

438 3554 471 3610 ct
487 3543 588 3607 dulcis
605 3542 696 3628 pueri
714 3543 819 3608 ebrios
837 3545 952 3609 ocellos

438 3637 492 3702 illo
510 3657 670 3722 purpureo
687 3657 742 3701 ore
760 3636 882 3703 saviata

439 3730 513 3795 ‘sio’
532 3731 644 3813 inquit,
663 3737 749 3795 ‘mea
767 3731 831 3796 vita
851 3731 1049 3818 Septumille,

437 3825 512 3890 huic
529 3825 584 3890 uni
603 3823 729 3888 domino
747 3847 849 3910 usque
867 3825 1052 3902 serviamus,

439 3930 475 3983 ut
492 3920 591 3983 multo
609 3917 685 3982 mibi
703 3919 804 3983 maior
821 3920 985 4004 acriorque

435 4013 518 4098 ignis
536 4013 684 4079 mollibus
702 4013 791 4078 ardet
808 4014 842 4078 in
859 4013 1026 4080 medullis.’

417 4105 498 4172 'hoc
515 4117 551 4172 ut
569 4107 658 4184 dixit,
676 4107 789 4185 Amor,
808 4107 934 4174 sinistra
950 4119 987 4172 ut
1004 4118 1088 4186 ante,
