2968 4990
356 364 397 430 18
780 376 948 436 CATULLI

301 515 337 570 10
441 500 680 584 desideratoque
698 493 932 584 adquiescimus
950 502 1041 566 lecto.

439 595 500 659 hoc
518 607 566 660 est
583 596 668 680 quod
685 618 784 659 unum
806 606 855 661 est
871 617 928 680 pro
946 595 1107 660 laboribus
1126 596 1233 662 tantis.

439 689 536 764 salve,
555 710 574 752 ο
592 699 725 753 venusta
743 688 870 765 Sirmio,
889 699 985 772 atque
1002 711 1056 754 ero
1074 690 1193 774 gaude:

438 782 575 867 gaudete
593 803 650 844 vos
669 803 806 865 quoque,
823 781 939 846 incitas
957 783 1045 847 lacus
1063 783 1182 848 undae:

438 875 548 952 ridete,
568 875 722 959 quidquid
740 886 788 940 est
806 875 891 940 domi
909 875 1144 941 cachinnorum.

779 1065 949 1076 —a—

785 1222 941 1288 XXXII.

522 1343 662 1420 Amabo,
681 1365 752 1408 mea
771 1342 871 1407 dulcis
888 1342 1034 1428 Ipsitilla,

522 1459 613 1502 meae
630 1436 772 1511 deliciae,
789 1437 853 1500 mei
870 1437 1004 1522 lepores,

523 1530 598 1594 iube
616 1531 658 1594 ad
675 1541 706 1594 te
724 1529 849 1594 veniam
866 1530 1078 1596 meridiatum.

524 1633 555 1690 et
573 1624 600 1689 si
617 1623 745 1689 iusseris
762 1623 851 1701 illud,
870 1623 1019 1688 adiuvate

512 1718 636 1800 'nequis
653 1717 769 1800 liminis
787 1719 912 1783 obseret
929 1719 1088 1795 tabellam,

523 1812 661 1877 neu'tibi
679 1812 787 1876 lubeat
804 1811 888 1876 foras
906 1811 1003 1889 ablre,
1118 1861 1120 1864 ι

526 1906 582 1972 sed
601 1905 686 1970 domi
704 1927 832 1992 maneas
851 1927 1005 1991 paresque
1023 1905 1115 1972 nobis

523 2020 637 2064 novem
656 2000 820 2064 continuas
838 1999 1021 2065 lutationes.

524 2115 645 2170 verum,
664 2094 769 2177 siquid
788 2115 874 2178 ages,
893 2094 998 2158 statim
1016 2093 1138 2158 iubeto:

524 2210 598 2251 nam
616 2210 750 2272 pransus
768 2187 856 2252 iaceo
875 2199 907 2252 et
924 2197 1012 2252 satur
1030 2186 1163 2272 supinus

524 2282 682 2366 pertundo
700 2281 904 2366 tunicamque
921 2281 1124 2368 palliumque.
1182 2281 1185 2285 ’

777 2629 951 2694 XXXIIL

526 2746 557 2813 Ο
576 2747 684 2812 furum
702 2748 820 2834 optime
838 2749 1081 2827 balneariorum,

478 2863 483 2876 ‘
523 2841 661 2909 Vibenni
680 2853 779 2926 pater,
798 2854 831 2907 et
848 2842 978 2906 cinaede
996 2843 1050 2919 fili,
1132 2893 1134 2896 .

523 2938 610 3016 (nam
628 2935 739 3000 dextra
760 2947 850 3021 pater
866 2936 1087 3019 inquinatiore,

524 3030 595 3095 culo
613 3029 697 3095 filius
715 3040 763 3094 est
778 3029 954 3112 voraciore)

526 3145 583 3188 cur
599 3145 664 3188 non
677 3122 806 3188 exilium
819 3124 983 3208 malasque
999 3123 1033 3188 iu
1048 3144 1120 3187 oras

525 3216 597 3281 itis?
618 3216 875 3301 quandoquidem
897 3216 994 3302 patris
1011 3217 1142 3302 rapinae

524 3320 617 3375 notae
635 3318 708 3375 sunt
725 3310 852 3396 populo,
870 3323 902 3377 et
918 3311 1001 3376 natis
1018 3311 1148 3397 pilosas,

525 3403 661 3480 illinon
679 3415 769 3490 potes
787 3427 858 3471 asse
875 3404 1047 3472 venditare.
1132 3425 1134 3428 ’

780 3591 951 3606 m

778 3751 950 3820 XXXIV.

524 3871 651 3938 Dianae
669 3893 778 3936 sumus
795 3872 829 3936 in
845 3872 908 3936 fide

589 3966 715 4052 puellae
732 3975 764 4033 et
781 3965 871 4051 pueri
889 3964 1018 4050 integri:

588 4060 727 4125 Dianam
744 4059 835 4146 pueri
852 4059 967 4146 integri

587 4154 777 4241 puellaeque
794 4175 956 4219 canamus.
