2968 4990
771 346 942 406 CA'I'ULLI

553 493 656 557 usque
674 469 820 542 admilia
837 469 958 535 basiem
976 479 1126 546 trecenta,
1175 486 1185 494 ··

549 589 615 633 neo
627 587 779 648 umquam
791 564 901 628 videar
914 575 1002 628 satur
1019 563 1156 640 futurus,

555 682 621 724 non
639 659 666 726 si
684 657 809 724 densior
827 657 922 722 aridis
942 657 1044 722 aristis

557 753 598 818 sit
615 762 740 817 nostrae
757 773 849 836 seges
868 749 1080 816 osculationis.
1100 799 1101 804 η
1174 817 1187 827 ,,

786 1055 919 1120 XLIX.

515 1176 732 1246 Disertissime
749 1173 878 1239 Romuli
895 1185 1056 1260 nepotum,

516 1283 594 1357 quot
612 1281 686 1335 sunt
700 1278 839 1353 quotque
857 1268 957 1346 fuere,
976 1267 1086 1333 Marce
1100 1267 1197 1346 Tulli,

518 1376 659 1450 quotque
677 1372 750 1450 post
767 1361 836 1428 aliis
855 1371 947 1426 eruut
964 1361 997 1425 in
1015 1361 1115 1438 annis,

517 1458 637 1544 gratias
654 1455 712 1520 tibi
729 1454 883 1520 maximas
902 1453 1048 1520 Catullus

518 1552 595 1637 agit,
613 1549 770 1636 pessimus
789 1548 930 1614 omnium
948 1559 1052 1634 poeta,

518 1655 605 1710 tanto
622 1643 777 1730 pessimus
795 1643 937 1707 omnium
955 1652 1050 1728 poeta
1129 1689 1137 1712 κ,
1179 1681 1181 1687 ·

517 1749 636 1824 quanto
655 1747 690 1802 tu
707 1736 844 1822 optimus
863 1737 1003 1805 omnium
1020 1745 1183 1822 patronus.

837 2033 879 2100 L.

477 2158 648 2230 Hestamo,
666 2152 784 2229 Licini,
803 2152 854 2217 dia
873 2151 964 2217 otiosi

477 2249 615 2316 multum
631 2246 765 2311 lusimus
782 2246 815 2311 in
833 2247 912 2311 meis
930 2244 1063 2322 tabellis,

478 2355 515 2410 ut
532 2350 723 2408 convenerat
740 2363 809 2406 esse
828 2340 988 2422 delicatos.

479 2437 619 2504 scribens
636 2434 808 2499 versiculos
825 2445 960 2518 uterque
978 2443 1120 2498 nostrum

478 2529 609 2597 ludebat
625 2550 758 2592 numero
775 2527 870 2592 modo
888 2527 949 2592 hoc
965 2526 1061 2592 modo
1077 2527 1178 2612 illoc,

478 2623 613 2690 reddens
631 2632 742 2686 mutua
758 2644 816 2706 per
832 2621 937 2686 iocum
955 2629 1053 2705 atque
1071 2621 1190 2686 vinum,

479 2728 575 2801 atque
592 2714 679 2780 illinc
697 2715 760 2778 abii
778 2725 832 2779 tuo
849 2715 958 2800 lepore

478 2812 636 2884 incensus,
653 2808 769 2885 Licini,
788 2809 984 2892 facetiisque,

479 2916 516 2972 ut
533 2925 593 2969 nec
610 2924 661 2967 ma
678 2901 828 2971 miserum
841 2903 936 2967 cibus
954 2903 1087 2979 iuvaret,

479 3021 541 3065 nec
559 3018 688 3062 somnus
706 3006 828 3080 tegeret
845 2995 951 3078 quiete
970 2995 1105 3072 ocellos,-

480 3092 537 3159 sed
555 3101 621 3155 toto
638 3087 811 3154 indomitus
828 3089 935 3153 furore
952 3089 1034 3154 lacto
1097 3091 1100 3098 ‘

479 3205 623 3252 versarer
641 3181 771 3268 cupiens
788 3183 896 3248 videre
913 3183 1028 3258 lucem,
1101 3249 1105 3260 ,
1177 3258 1186 3274 .

479 3290 518 3344 ut
535 3290 640 3344 tecum
658 3277 815 3359 loquerer,
833 3276 991 3360 simulque
1008 3285 1044 3340 ut
1062 3297 1174 3340 essem.

480 3383 513 3438 at
530 3371 653 3436 defessa
669 3370 778 3435 labore
795 3370 939 3434 membra
956 3379 1125 3455 postquam

481 3464 685 3532 semimortua
701 3463 816 3528 lectulo
833 3462 989 3541 iacebant,

480 3560 552 3636 hoc,
569 3558 716 3635 iucunde,
735 3557 792 3624 tibi
810 3579 924 3644 poema
940 3557 1013 3633 feci,
1121 3631 1124 3637 Ι

482 3677 521 3719 ex
539 3673 603 3736 quo
621 3651 814 3736 perspiceres
834 3674 941 3716 meum
959 3651 1109 3716 dolorem.
1178 3674 1181 3679 ·

479 3768 565 3812 nunc
583 3745 689 3809 audax
707 3766 784 3809 cave
802 3745 855 3822 sis,
873 3765 1047 3830 precesque
1064 3753 1199 3822 nostras,

482 3862 620 3915 oramus,
639 3859 716 3903 cave
735 3838 881 3923 despuas,
900 3839 1009 3914 ocelle,

480 3956 521 3999 ne
538 3954 657 4018 poenas
674 3931 820 3996 Nemesis
838 3943 983 4016 reposcat
1001 3955 1021 3996 a
1037 3941 1079 3996 te.

482 4037 531 4095 est
548 4042 677 4093 vemens
696 4025 769 4090 dea:
792 4025 918 4091 laedere
936 4025 1018 4091 hane
1036 4034 1157 4095 caveto.
