2954 4990
522 389 752 432 Psoaneonnns
1149 392 1182 433 LI

92 529 159 571 esse
175 509 291 588 puellae
310 529 380 569 suas
397 529 416 568 a
433 509 496 569 deis
513 511 620 568 amoris
638 508 716 568 dono
730 509 839 582 datum,
858 512 965 570 mirum
981 516 1026 570 est
1039 518 1182 590 quantum

94 595 165 655 binc
183 594 356 654 Schwabius
373 615 402 674 p.
422 595 519 652 2421.
538 590 627 668 (conf.
646 598 735 652 etiam
756 615 785 673 p.
804 595 865 653 245
881 593 915 668 s.)
934 604 963 654 et
981 595 1182 674 Westphalius

92 700 123 758 p.
140 680 200 738 150
215 700 237 738 s.
256 679 467 738 concluserint:
486 679 578 738 verba
591 683 670 738 enim
682 683 741 738 ista
755 679 794 738 ad
806 679 948 760 Lesbiam
961 701 1028 738 cum
1041 681 1181 754 referunt,

95 784 120 823 c.
143 764 226 823 XIII
247 767 368 843 vigente
394 767 484 822 etiam
507 762 619 823 Catulli
644 783 716 841 erga
737 783 803 824 eam
828 785 927 824 amore
954 769 1094 844 seriptum
1120 785 1182 825 esse

94 852 276 908 existimant.
315 869 375 929 qua
401 847 522 928 quidem
547 851 773 927 opinions'iam
797 849 874 908 illud
897 849 1025 909 debebat
1051 849 1183 910 detinere

95 932 177 1013 quod
193 941 282 1013 poeta
298 953 326 992 v.
342 935 361 991 4
380 933 538 992 candidam
554 933 685 1012 puellam
703 938 797 994 amico
815 934 853 993 ad
871 953 975 994 cenam
993 933 1184 994 adferendam

95 1037 161 1079 esse
178 1022 228 1077 ait.
263 1027 374 1097 quanto
391 1021 484 1095 igitur
499 1021 607 1078 rectius
619 1017 769 1078 Brunerus
786 1039 815 1098 p.
831 1019 927 1078 6361.
945 1018 1098 1093 iudicavit,
1117 1041 1185 1078 cum

92 1106 184 1163 istam
199 1102 311 1163 Catulli
323 1103 453 1182 puellam
465 1107 498 1162 in
513 1106 642 1164 carmine
656 1122 695 1162 ex
707 1107 795 1163 meris
807 1106 880 1162 iocis
895 1108 1045 1182 conposito
1061 1108 1185 1164 strictim

97 1197 356 1249 commemoratam
374 1208 435 1247 una
453 1209 518 1247 curn
535 1195 688 1265 unguento
706 1191 769 1247 eius
788 1187 930 1247 divinitus
949 1187 1045 1248 delato
1065 1193 1184 1249 omnino

96 1273 198 1332 fictam
224 1292 290 1333 esse
315 1282 454 1332 censeret.
494 1276 626 1351 sequitur
650 1280 683 1331 ut
710 1271 747 1332 de
772 1293 796 1331 o.
821 1272 944 1332 XLVII
975 1273 1114 1332 dicamus.
1152 1273 1185 1334 id

96 1362 240 1436 seriptum
264 1376 330 1418 esse
352 1357 486 1436 adparet,
514 1377 580 1416 oum
601 1359 749 1418 Veranius
776 1365 805 1416 et
825 1357 970 1418 Fabullus
996 1359 1109 1417 Romae
1135 1357 1186 1418 ad·
1264 1393 1267 1400 ·

95 1447 251 1504 venissent
267 1450 356 1521 atque
374 1463 441 1502 cum
459 1442 577 1501 Catullo
595 1445 748 1521 conquesti
766 1451 863 1502 essent
880 1442 938 1501 sibi
956 1463 974 1500 1
990 1442 1100 1502 Pisone
1113 1443 1185 1502 Por-

96 1531 178 1587 oium
199 1536 229 1587 et
250 1526 461 1601 Socrationem,
488 1527 622 1586 homines
648 1528 734 1586 nobis
759 1531 877 1604 ignotos
899 1531 951 1606 qui
973 1535 1003 1586 11
1023 1531 1082 1607 ipsi
1102 1546 1186 1607 prae·

95 1620 192 1672 torem
209 1615 243 1671 in
259 1612 438 1691 Hispaniam
456 1615 587 1672 comitati
606 1620 697 1685 erant,
720 1615 903 1691 praepositos
921 1631 992 1672 esse.
1027 1632 1100 1692 quos
1119 1633 1186 1672 cum

95 1705 186 1777 poeta
201 1700 235 1756 in
257 1698 361 1757 urbem
380 1717 512 1758 reversos
536 1697 572 1756 de
598 1697 679 1756 lucro
703 1701 736 1755 in
757 1700 912 1776 provincia
933 1696 1012 1756 iacto
1034 1697 1187 1757 luxuriosa

97 1785 237 1842 convivia
252 1785 405 1854 instruere,
428 1781 542 1841 sodales
561 1790 663 1841 contra
680 1802 747 1842 suos
766 1801 852 1860 egere
873 1781 996 1855 videret,
1019 1783 1185 1842 stomachus

97 1870 129 1926 ei
146 1875 242 1926 motus
264 1873 319 1940 est,
342 1866 589 1945 vehementerque
610 1867 677 1925 illos
699 1886 759 1925 una
785 1887 852 1926 cum
869 1867 978 1926 Pisone
1000 1866 1113 1926 fautore
1135 1867 1186 1926 ad·

98 1954 200 2010 oritur.
223 1984 265 1993 —
287 1971 367 2010 nunc
393 1956 483 2010 etiam
512 1969 577 2010 eam
603 1954 805 2030 quaestionem
831 1958 899 2030 apte
924 1950 1084 2012 inferemus
1111 1972 1187 2031 quae
1251 1951 1256 1961 '

96 2056 189 2115 supra
207 2035 371 2096 diderenda
388 2045 459 2109 erat,
479 2035 596 2115 quando
615 2055 639 2093 c.
656 2036 723 2094 XII
745 2035 882 2095 videatur
899 2038 1041 2113 scriptum
1059 2055 1130 2109 esse,
1153 2040 1186 2095 in

97 2141 158 2200 quo
180 2120 314 2182 Catullus
334 2120 475 2179 Asinium
492 2123 694 2180 Marrucinum
716 2140 808 2179 unum
829 2139 846 2178 1
868 2119 993 2179 sudariis
1011 2119 1147 2179 Saetabis
1168 2142 1188 2180 a

95 2205 227 2265 Fabullo
249 2214 280 2265 11
298 2207 429 2266 Veranio
457 2225 494 2265 ex
515 2206 664 2284 Hispania
689 2204 747 2263 sibi
769 2204 846 2264 dono
867 2208 964 2266 missis
988 2208 1022 2264 in
1048 2207 1186 2265 convivio

97 2293 276 2369 surripuisse
302 2293 481 2350 criminatur.
516 2289 596 2369 quod
617 2309 736 2348 carmen
758 2287 886 2348 dubitari
907 2310 968 2348 non
991 2297 1087 2368 potest
1113 2294 1186 2370 quin

95 2384 188 2455 poeta
218 2375 390 2434 absentibus
424 2378 515 2434 etiam
550 2377 652 2434 amicis
687 2377 882 2453 composuerit,
917 2378 1089 2454 praesertim
1120 2396 1186 2435 cum

97 2480 128 2519 v.
149 2462 188 2518 12
203 2480 224 2520 s.
247 2459 371 2520 liuteum
393 2460 430 2520 ab
448 2460 555 2520 Asinio
577 2459 753 2520 subductum
775 2481 835 2519 non
856 2463 943 2538 pretii
965 2480 1062 2535 causa,
1085 2461 1138 2520 sed
1155 2469 1188 2521 ut

85 2545 352 2625 .‘mnemosynum'
373 2549 419 2605 sui
436 2545 545 2606 sodalis
563 2545 621 2607 sibi
638 2565 739 2606 carum
756 2563 820 2606 esse
838 2544 925 2605 dicat.
957 2553 987 2605 at
1003 2554 1102 2606 tamen
1121 2567 1187 2606 cum

97 2630 256 2690 manifesto
264 2632 378 2691 Romae
391 2631 542 2690 conditum
552 2630 655 2690 sithoc
664 2634 851 2709 poematium,
865 2634 970 2710 nequit
983 2651 1061 2691 anno
1072 2632 1186 2708 697157

100 2714 262 2792 adsignari,
285 2719 395 2795 quippe
417 2736 475 2795 quo
501 2715 635 2776 Catullus
656 2719 690 2775 in
710 2716 855 2795 Bithynia
875 2719 992 2776 vixerit.
1027 2720 1127 2796 itaque
1148 2716 1188 2777 ad

98 2819 155 2860 ver
170 2803 353 2879 insequentis
371 2805 443 2859 anni
460 2800 641 2874 deducimur,
659 2809 853 2880 putemusque
870 2809 987 2880 poetam
1008 2804 1080 2860 istos
1098 2803 1189 2860 versi·

100 2886 183 2945 culos
213 2884 320 2944 fecisse
348 2885 433 2945 brevi
463 2893 530 2964 post
559 2907 648 2965 quam
672 2886 804 2957 Verona,
836 2885 887 2944 ubi
918 2905 985 2944 eum
1015 2905 1053 2944 ex
1081 2888 1189 2945 itinere

98 2970 262 3046 Bithynico
279 2973 407 3048 primum
423 2989 533 3048 paucos
550 2970 614 3030 diss
631 2979 840 3030 commoratum
853 2988 916 3028 esse
929 2972 1045 3042 scimus,
1063 2969 1188 3028 Romam

98 3056 240 3114 venisset.
275 3056 327 3132 qui
345 3056 407 3126 etsi,
426 3061 459 3111 ut
476 3053 613 3127 vidimus,
632 3054 730 3133 aliquo
748 3062 879 3132 tempore
896 3061 962 3133 post
979 3054 1142 3113 Veranium
1160 3062 1189 3115 et

97 3137 262 3200 Fabullum
287 3139 320 3196 iu
345 3141 527 3218 provinciam
554 3139 679 3212 abierat,
710 3146 810 3197 tamen
836 3139 936 3216 paullo
962 3141 1044 3217 prius
1069 3139 1130 3197 illis
1156 3142 1189 3198 in

98 3222 221 3285 Italiam
251 3226 380 3283 revertit.
419 3242 517 3301 neque
545 3223 615 3282 huie
644 3226 784 3303 temporis
815 3221 982 3282 definitioni
1011 3222 1072 3282 ullo
1102 3222 1190 3283 modo

100 3315 251 3387 repugnat
271 3306 351 3388 quod
371 3329 400 3367 v.
424 3309 442 3366 9
467 3306 500 3366 C.
522 3307 630 3383 Pollio,
656 3308 757 3367 Asinii
779 3309 941 3367 Marrucini
964 3308 1062 3381 frater,
1090 3309 1188 3388 ‘puer'

101 3394 218 3453 dicitur.
254 3396 306 3473 qui
328 3413 395 3452 cum
416 3394 522 3453 Tacito
545 3393 614 3452 dial.
637 3414 660 3452 o.
680 3394 721 3452 34
743 3400 861 3452 auctore
883 3392 975 3453 altero
998 3401 1027 3452 et
1048 3397 1190 3454 vicesimo

101 3481 208 3538 aetatis
238 3498 317 3538 anno
345 3477 377 3538 C.
406 3477 549 3538 Catonem
581 3481 764 3538 accusaverit
794 3475 866 3558 (qua
897 3477 934 3538 de
965 3482 1081 3538 actione
1111 3479 1189 3538 conf.

100 3563 295 3623 Drumannus
320 3562 363 3635 H,
389 3583 418 3642 p.
442 3565 461 3622 3
484 3571 514 3622 et
535 3565 572 3637 V,
594 3585 623 3643 p.
646 3562 734 3641 204),
761 3566 892 3643 sequitur
916 3571 950 3623 ut
971 3585 996 3621 1.
1021 3560 1134 3641 679175
1156 3565 1190 3623 in

100 3649 199 3708 lucem
225 3651 263 3707 sit
289 3646 393 3707 editus.
433 3655 496 3707 erat
517 3652 621 3726 igitur,
648 3669 716 3708 cum
738 3648 873 3708 Catullus
900 3667 923 3706 c.
950 3648 1016 3707 XII
1042 3649 1190 3721 scriberet,

100 3732 291 3809 undeviginti
308 3752 402 3793 annos
419 3740 506 3792 natus
523 3739 695 3813 poteratque
708 3737 818 3812 optimo
831 3737 895 3792 iure
908 3755 926 3792 a
938 3741 1026 3812 poeta
1039 3733 1192 3812 aliquanto

101 3820 215 3877 madore
244 3837 319 3894 puer·
348 3821 461 3889 vocari,
498 3821 580 3877 cuius
612 3821 740 3877 nominis
770 3821 851 3878 notio
886 3838 947 3877 non
977 3820 1072 3893 magis
1103 3837 1191 3897 quam

101 3903 289 3960 madescentis
311 3905 398 3962 certis
420 3903 529 3962 finibus
551 3906 772 3982 circumscripta
794 3911 838 3963 est
855 3897 945 3977 (conf.
963 3904 1092 3962 Manutii
1115 3922 1193 3962 com-

102 3993 192 4046 ment.
217 3990 251 4046 in
275 3986 336 4047 Cic.
363 3989 446 4068 epist
473 3987 511 4046 ad
538 3987 607 4047 fam.
629 3989 664 4048 II
687 3991 714 4062 1,
741 4010 769 4067 p.
795 3988 854 4046 145
883 3988 996 4046 11146
1020 3983 1192 4066 11111111).

101 4073 215 4151 vixque
242 4070 376 4132 Catullus
403 4071 442 4132 ad
466 4073 595 4132 hominis
620 4080 694 4133 natu
719 4077 809 4133 etiarn
834 4075 956 4131 minoris
986 4070 1129 4131 iudicium
1156 4072 1193 4131 de

102 4156 190 4216 furtis
212 4157 313 4217 Asinii
334 4159 497 4217 Marrucini
519 4162 563 4217 ita
587 4162 673 4217 utin
699 4158 756 4218 hoc
782 4160 912 4217 carmine
937 4156 1009 4217 fecit
1032 4176 1195 4237 provocare

982 4251 1022 4295 DC
