2968 4990
550 409 667 465 LIBER

201 542 330 598 centum
347 553 389 597 an
407 530 545 609 ducenti,
563 554 627 597 non
644 531 762 618 putatis
781 555 932 598 ausurum

203 647 254 691 me
272 648 336 690 una
355 625 508 692 ducentos
525 626 684 691 irrumare
702 627 858 692 sessores?

206 719 295 804 atqui
313 729 437 805 putate:
459 741 598 804 namque
616 720 712 784 totius
730 720 820 785 vobis

203 813 340 879 frontem
357 813 508 880 tabernae
525 813 710 900 ropionibus
728 815 874 879 scribam.

203 907 310 992 puella
325 929 402 974 nam
418 909 473 984 mi,
491 928 574 991 quae
591 929 663 973 mco
682 907 753 972 sinu
770 908 862 992 fugit,

203 1012 310 1064 amata
326 1010 449 1065 tantum
467 1010 620 1085 quantum
639 1001 797 1066 amabitur
814 1001 911 1076 nulla,

202 1115 260 1180 pro
279 1114 344 1177 qua
360 1093 438 1159 mihi
455 1101 530 1159 sunt
545 1117 663 1180 magna
681 1095 765 1159 bella
781 1105 934 1180 pugnata,
973 1178 975 1182 .

203 1187 346 1252 consedit
363 1188 443 1252 istic.
486 1188 569 1253 hanc
587 1188 663 1253 boni
683 1189 829 1272 beatique

204 1301 314 1345 omnes
333 1281 455 1359 amatis,
474 1291 506 1348 et
523 1281 662 1366 quidem,
680 1282 767 1365 quod
783 1282 990 1367 indignumst,

204 1395 315 1439 omnes
332 1375 438 1460 pusilli
456 1386 489 1440 et
506 1375 656 1442 semitarii
673 1375 810 1452 moechi;

204 1478 240 1533 tu
257 1477 383 1553 praeter
400 1490 510 1535 omnes
527 1491 591 1534 une
609 1469 649 1534 de
668 1469 832 1555 capillatis,

204 1560 405 1628 cuniculosae
424 1559 615 1628 Celtiberiae
636 1562 682 1626 lili

203 1654 333 1740 Egnati,
352 1678 452 1742 opaca
468 1678 564 1741 quem
582 1657 701 1721 bonum
720 1655 797 1722 facit
814 1656 915 1722 barba

208 1759 239 1815 et
258 1748 336 1814 dens
353 1749 477 1815 Hibera
495 1750 665 1817 defricatus
683 1749 784 1815 urina.

505 2097 711 2164 XXXVHl.

203 2215 331 2293 Malest,
350 2214 512 2292 Cornifici,
530 2226 585 2282 tuo
605 2214 743 2293 Catrrllo,

202 2310 317 2375 malost
334 2331 385 2374 me
402 2307 530 2374 hercule
549 2309 577 2374 ei
596 2319 628 2373 et
643 2309 810 2388 laboriose,

203 2414 237 2471 et
251 2403 354 2490 magis
372 2403 475 2488 magis
493 2403 527 2467 in
545 2403 613 2468 dies
631 2414 663 2468 et
679 2403 783 2469 horos.

203 2521 299 2584 quem
317 2509 363 2575 tu,
380 2496 467 2582 quod
484 2497 651 2562 minimum
668 2497 956 2584 facillimumquest,

203 2615 267 2678 qua
284 2592 403 2657 solatus
421 2613 456 2657 es
474 2591 694 2657 adlocutione?

202 2686 321 2752 irascm
337 2685 404 2750 tibi.
449 2685 495 2751 sic
512 2707 599 2752 meos
617 2688 759 2751 amores?

163 2795 186 2814 ”
201 2778 345 2866 paullum
361 2777 440 2862 quid
456 2779 546 2843 lubet
563 2778 782 2857 adlocutionis,

202 2874 354 2939 maestius
370 2872 508 2938 lacrimis
527 2871 729 2938 Simonideis.

517 3218 690 3286 XXXIX

159 3340 327 3429 Egnatius,
345 3339 433 3423 quod
449 3338 600 3404 candidos
617 3338 714 3405 habet
731 3339 851 3418 dentes,

159 3435 282 3503 renidet
298 3456 399 3516 usque
416 3454 553 3517 quaque.
597 3434 624 3498 si
641 3433 683 3498 ad
699 3434 746 3498 rei
763 3444 924 3499 ventumst

161 3528 356 3604 subsellium,
374 3548 447 3591 cum
464 3538 569 3592 orator
587 3527 702 3593 excitat
718 3529 837 3605 fletum,

159 3623 281 3691 renidet
297 3621 360 3687 ille.
404 3620 432 3686 si
448 3622 491 3686 ad
508 3620 552 3706 pii
568 3643 682 3708 rogum
699 3621 744 3686 fili

158 3719 296 3804 lugetur,
313 3716 392 3781 orba
409 3737 482 3780 cum
500 3715 554 3780 flet
571 3716 698 3780 unicum
717 3726 827 3791 mater,

159 3811 282 3878 renidet
297 3809 360 3875 ille.
403 3809 558 3893 quidquid
576 3821 633 3887 est,
651 3810 883 3893 ubicumquest,

160 3905 382 3990 quodcumque
399 3905 475 3988 agit,
494 3904 626 3969 renidet.
669 3903 754 3968 huno
772 3904 867 3968 habet
885 3902 1040 3981 morbum,

159 4019 263 4083 neque
281 3997 469 4082 elegantem,
488 4008 524 4061 ut
540 3998 684 4075 arbitror,
701 4019 804 4081 neque
823 3996 988 4062 urbanum.

160 4115 258 4178 quare
274 4091 467 4156 monendum
485 4101 517 4157 te
535 4102 583 4157 est
599 4091 688 4169 mihi,
705 4091 788 4157 bone
806 4090 935 4175 Egnati,

161 4188 187 4253 si
203 4186 344 4252 urbanus
363 4206 448 4252 esses
466 4195 522 4249 aut
540 4185 680 4251 Sabinus
697 4196 752 4268 aut
770 4183 888 4248 Tiburs
1132 4201 1167 4256 10
