2976 5004
341 306 384 376 56
768 321 937 380 caruem

288 465 325 520 25
341 448 408 514 sive
426 446 513 530 quod
532 445 618 530 inpia
636 459 726 514 mens
744 467 839 512 caeco
856 446 1013 532 flagrabat
1030 471 1147 527 amore,

384 563 440 606 seu
458 539 542 624 quod
560 540 644 606 iners
661 539 761 604 sterili
777 539 897 607 semine
914 550 1008 606 natus
1026 554 1094 607 erat

340 645 372 701 et
389 634 588 718 quaerendus
605 633 632 698 is
649 633 734 698 unde
751 632 833 698 foret
851 634 1015 700 nervosius
1033 635 1123 714 illud,

382 728 469 812 quod
486 737 594 814 posset
609 748 724 792 zonam
741 727 863 794 solvere
881 727 1077 814 virgineam?

340 823 504 909 egregium
521 843 630 886 narras
651 820 732 886 mira
748 820 867 905 pietate
884 832 1058 907 parentem,
1076 826 1078 830 ’

288 933 324 988 30
382 917 437 1000 qui
454 917 523 1002 ipse
541 914 591 980 sui
608 913 697 1000 gnati
714 914 863 979 minxerit
879 915 913 980 in
930 916 1096 1002 gremium.

342 1010 443 1094 ‘atqui
461 1033 526 1074 non
543 1008 647 1074 solum
664 1007 725 1074 hoc
742 1031 776 1073 se
794 1008 871 1072 dicit
888 1008 1051 1093 cognitum
1068 1010 1186 1078 habere

383 1104 493 1168 Brixia
512 1102 662 1188 Cycneae
679 1101 844 1187 supposita
861 1104 1019 1188 speculae,

339 1199 440 1263 flavus
458 1220 556 1281 quam
573 1196 661 1261 molli
678 1196 833 1281 percurrit
850 1196 980 1262 flumine
998 1198 1109 1276 Mella,

381 1293 490 1356 Brixia
506 1292 655 1360 Veronae
671 1301 774 1361 mater
792 1302 897 1354 amata
914 1313 1015 1367 meae,

287 1401 322 1456 35
339 1387 395 1453 sed
412 1387 452 1451 de
470 1385 636 1450 Postumio
655 1394 686 1448 et
705 1381 834 1448 Corneli
850 1395 958 1448 narrat
975 1407 1094 1462 amore,

382 1503 453 1546 cum
472 1478 587 1562 quibus
605 1477 660 1542 illa
677 1477 797 1542 malum
815 1477 891 1541 fecit
907 1478 1106 1544 adulterium.

339 1574 452 1639 dixerit
469 1572 521 1636 hic
539 1571 651 1654 aliquis
670 1570 741 1653 ‘qui
759 1581 794 1635 tu
811 1569 919 1646 istaec,
940 1571 1044 1646 ianua,
1062 1573 1155 1649 nosti,

382 1667 433 1732 eui
450 1686 625 1748 numquam
642 1663 760 1728 domini
777 1663 885 1730 limine
903 1664 1016 1730 abesse
1033 1665 1116 1742 licet,

338 1783 397 1827 nec
414 1760 570 1846 populum
587 1759 775 1834 auscultare,
793 1757 850 1823 sed
867 1758 919 1845 hic
936 1759 1053 1824 suffixa
1071 1760 1171 1846 tigillo

284 1853 323 1923 Ι40
382 1864 506 1919 tantum
523 1853 645 1937 operire
664 1852 746 1917 soles
764 1863 819 1916 aut
837 1849 958 1937 aperire
975 1853 1137 1919 domum?'

340 1972 434 2035 saepe
451 1949 538 2012 illam
556 1946 798 2012 audivi‘furtiva
815 1968 893 2012 voce
910 1947 1093 2030 loquentem

336 2041 338 2050 '
382 2043 482 2106 solam
500 2063 572 2105 cum
590 2040 711 2109 ancillis
729 2039 808 2105 haec
826 2062 885 2105 sua
901 2041 1032 2125 flagitia,

339 2137 465 2202 nomine
484 2135 639 2200 dicentem
657 2156 737 2217 quos
755 2133 903 2210 diximus,
921 2144 1049 2220 utpote
1066 2157 1149 2220 quae
1166 2136 1211 2201 mi

383 2239 523 2316 speraret
539 2251 598 2293 nec
615 2229 758 2314 linguam
776 2250 846 2292 esse
863 2249 923 2294 nec
941 2228 1124 2294 auriculam.

286 2333 323 2400 45
340 2336 503 2412 praeterea
521 2322 658 2396 addebat
675 2320 845 2406 quendam,
864 2342 960 2405 quem
977 2321 1081 2390 dicere
1098 2324 1171 2389 nolo

381 2417 519 2493 nomine,
536 2438 577 2480 ne
594 2416 683 2481 tellat
699 2415 796 2479 rubra
814 2415 991 2499 supercilia.

338 2513 454 2598 longus
472 2512 567 2574 homo
585 2519 642 2584 est,
660 2530 793 2592 magnas
810 2509 886 2591 quoi
903 2508 974 2574 lites
991 2509 1097 2575 intullt
1114 2510 1188 2576 olim

381 2606 499 2672 falsum
516 2602 662 2669 mendaci
678 2613 788 2668 ventre
805 2602 1027 2687 puerperium!

764 2833 934 2844 ———-

366 3039 423 3168 „a
447 3027 463 3109 κ’
708 3127 713 3137 ,
769 3043 934 3135 nyur.

341 3121 438 3248 Quid
454 3164 531 3230 mihi
548 3164 676 3232 fortuna
694 3185 832 3246 casuque
849 3185 1019 3248 oppressus
1038 3163 1152 3229 acerbo

382 3260 593 3344 conscriptum
610 3257 670 3328 hoc
687 3257 824 3321 lacrimis
842 3257 939 3322 mittis
956 3257 1146 3355 epistolippn,

339 3353 530 3437 naufragum
546 3365 581 3416 ut
600 3353 733 3417 eiectum
753 3350 972 3436 spumantibus
991 3329 1136 3434 aeqdoiis
1154 3353 1246 3419 undis

381 3447 544 3512 sublevem
561 3456 594 3511 et
611 3469 630 3509 a
648 3445 756 3510 mortis
775 3445 881 3510 limine
899 3444 1072 3520 restituam,

191 3533 195 3546 ¹
304 3557 322 3611 5
340 3529 435 3624 duem
452 3561 557 3623 neque
574 3550 684 3605 sancta
700 3541 811 3608 Venus
829 3537 916 3603 molli
933 3538 1131 3622 requiescere
1148 3561 1258 3606 somno
1298 3595 1301 3602 ,

380 3635 538 3699 desertum
555 3633 588 3698 in
606 3633 687 3697 lecto
706 3632 825 3697 caelibe
843 3632 1027 3718 perpetitur,

336 3751 395 3794 nec
413 3738 556 3793 veterum
574 3727 659 3792 dulci
677 3726 864 3811 scriptorum
882 3726 1021 3791 carmine
1039 3748 1148 3823 musae
1173 3803 1188 3818 Α
1272 3781 1281 3790 ,,
1333 3777 1338 3784 .

378 3821 548 3896 oblectant,
566 3843 640 3886 cum
657 3841 748 3884 mens
766 3820 860 3884 anxia
878 3819 1114 3905 pervigilataal
1124 3817 1153 3918 (l
1174 3809 1249 3854 ·‘’·'
1294 3795 1362 3830 ’Ὦ

335 3914 369 3981 id
386 3927 513 4001 gratum
532 3925 580 3979 est
596 3913 684 3991 mihi,
702 3937 753 3978 me
771 3913 920 3996 quoniam
939 3913 996 3977 tibi
1014 3913 1092 3978 dicis
1111 3912 1257 3991 amicum,

283 4023 319 4078 10
377 4030 572 4092 muneraque
590 4019 622 4073 et
639 4031 800 4073 musarum
818 4006 892 4073 hinc
910 4007 990 4093 petis
1008 4018 1040 4072 et
1057 4007 1206 4074 Veneris:

335 4102 391 4169 sed
409 4103 466 4167 tibi
484 4125 524 4168 ne
542 4125 614 4170 mea
633 4103 694 4168 sint
712 4102 822 4188 ignota
839 4101 1048 4180 incommoda,
1067 4101 1169 4179 Mani,
