2976 5004
744 318 914 377 CATULLI

768 507 879 576 XCV.

297 695 301 703 ,
359 626 499 710 Zmyrna
516 626 579 692 mei
597 625 722 694 Cinnae
738 649 856 692 nonam
873 639 945 713 post
962 628 1099 712 denique
1116 653 1253 698 messem

400 741 497 802 quam
515 732 627 806 coepta
644 733 692 786 est
710 743 891 806 nonamque
908 723 993 787 edita
1009 733 1083 807 post
1099 723 1247 799 hiemem,

356 812 443 878 milia
461 836 534 879 cum
551 814 672 879 interea
689 816 862 900 quingenta
877 819 896 896 †
913 815 1106 881 Hortensius
1122 838 1188 882 uno

280 1013 298 1068 5
358 1001 499 1083 Zmyrna
517 1023 611 1065 cavas
631 1000 777 1067 Satrachi
789 1001 919 1086 penitus
936 1001 1079 1067 mittetur
1096 1004 1138 1068 ad
1155 1006 1272 1082 undas,

400 1095 573 1178 Zmyrnam
591 1117 671 1160 cana
689 1095 743 1159 diu
762 1096 889 1161 saecula
905 1096 1099 1181 pervoluent.

356 1199 389 1253 at
408 1187 519 1253 Volusi
536 1189 665 1254 annales
683 1187 829 1254 Paduam
847 1189 1021 1254 morientur
1039 1189 1079 1253 ad
1098 1191 1201 1275 ipsam

399 1290 431 1346 et
447 1282 536 1346 laxas
554 1281 707 1347 scombris
725 1305 819 1367 saepe
837 1283 959 1348 dabunt
975 1282 1109 1350 tunicas,

762 1721 888 1789 XCV&

353 1843 460 1906 Parva
478 1839 540 1904 rnei
558 1839 635 1904 mihi
653 1840 715 1904 sint
734 1841 820 1905 cordi
838 1852 1042 1906 monumenta
1059 1841 1191 1908 sodalis:

396 1946 429 1999 at
447 1934 583 2020 populus
601 1934 721 1998 tumido
739 1935 878 2019 gaudeat
894 1935 1096 2006 Antimacho.

734 2166 909 2178 ——-—--

758 2338 886 2442 xcvi.

356 2495 392 2560 Si
410 2495 581 2577 quicquam
598 2496 693 2559 mutis
711 2505 837 2580 gratum
856 2503 1061 2580 acceptumve
1078 2495 1233 2580 sepulcris

398 2588 540 2653 accidere
557 2613 577 2652 a
594 2599 712 2665 nostro,
732 2587 841 2665 Calve,
861 2588 968 2653 dolore
986 2599 1100 2673 potest,
1174 2583 1177 2590 ⁴

354 2703 418 2766 quo
431 2681 591 2747 'desiderio
609 2693 729 2747 veteres
748 2704 935 2746 renovamus
953 2704 1075 2746 amores

397 2787 492 2858 atque
512 2774 598 2840 Orco
616 2798 735 2839 mersus
753 2776 865 2839 flemus
883 2775 1046 2851 amicitias,

277 2887 295 2939 5
354 2881 437 2936 certe
455 2891 518 2933 non
536 2880 623 2934 tanto
641 2890 725 2933 mors
743 2869 899 2933 inmatura
916 2868 1047 2933 dolorist
1135 2931 1138 2938 .

397 2963 581 3046 Quintiliae,
600 2973 754 3047 quantum
771 2962 891 3047 gaudet
908 2984 1014 3029 amore
1031 2973 1095 3032 tuo.

746 3401 892 3470 XCVII.

350 3525 383 3590 N
384 3547 434 3600 on,
452 3523 497 3587 ita
513 3545 565 3587 me
583 3522 615 3586 di
633 3525 749 3598 ament
768 3523 937 3606 quicquam
955 3519 1072 3587 referre
1091 3523 1210 3607 putavi,

393 3630 541 3682 utrumne
559 3639 594 3680 os
612 3639 652 3680 an
672 3618 776 3680 culum
796 3617 963 3680 olfacerem
982 3617 1129 3681 Aemilio.

349 3714 414 3778 nilo
432 3710 580 3775 mundius
598 3709 669 3787 hoc,
686 3710 813 3792 niloque
831 3709 1012 3773 inmundior
1028 3709 1092 3786 ille,

393 3827 503 3871 verum
522 3804 616 3869 etiam
635 3803 725 3868 culus
743 3803 889 3868 mundior
906 3814 937 3868 et
955 3804 1079 3872 melior:

272 3917 290 3969 5
350 3923 423 3964 narn
440 3899 508 3962 sinc
526 3897 673 3962 dentibus
692 3908 748 3962 est.
793 3897 895 3962 dentis
912 3918 948 3961 os
962 3895 1206 3981 sesquipedalis,

392 3991 537 4078 gingivas
556 4013 630 4056 vero
647 3991 774 4076 ploxeni
792 3991 888 4055 habet
905 3991 1030 4068 veteris,

348 4098 512 4174 praeterea
528 4085 641 4149 rictum
660 4085 785 4170 qualem
804 4084 942 4149 diffissus
961 4085 994 4149 in
1011 4096 1102 4150 aestu
