2976 5004
593 361 709 416 LIBER

223 482 367 549 meientis
384 482 490 548 mulae
509 505 631 548 cunnus
649 483 766 548 habere
785 483 874 548 solet

179 577 233 642 hic
250 577 349 642 futuit
364 577 480 640 multus
499 587 531 641 et
548 600 582 642 se
600 577 678 641 facit
695 599 765 641 esse
783 587 965 654 venustum,

225 682 257 736 et
274 693 338 735 non
356 670 488 756 pistrino
506 671 639 735 traditur
657 683 751 754 atque
769 671 876 735 asino?
1179 681 1215 737 10

181 787 278 850 quem
297 765 389 848 siqua
406 764 542 848 attingit,
560 787 624 829 non
641 765 727 829 illam
746 786 839 850 posse
856 776 1004 850 putemus

225 857 347 943 aegroti
358 857 471 922 'culum
489 857 610 942 lingere
628 857 802 922 carnificis?

563 1087 735 1103 m

479 1381 482 1388 Α
569 1295 734 1364 xovm.

182 1417 222 1482 In
240 1427 282 1495 te,
300 1416 327 1481 si
344 1415 376 1480 in
395 1437 600 1500 quemquam,
618 1415 681 1480 diei
699 1427 783 1502 pote,
800 1416 910 1502 putide
927 1416 1026 1495 Vetti,

225 1511 259 1574 id
276 1510 362 1595 quod
380 1511 522 1575 verbosis
541 1509 656 1574 dieitur
673 1521 706 1574 et
721 1511 832 1575 fatuis:

182 1604 244 1669 ista
262 1627 336 1668 cum
352 1603 473 1689 lingua,
491 1604 517 1666 si
535 1626 612 1668 usus
630 1604 738 1682 veniat
755 1604 822 1681 tibi,
841 1603 944 1690 possis

226 1699 315 1762 culos
333 1708 365 1762 et
382 1697 525 1783 crepidas
543 1698 663 1782 lingere
680 1698 868 1784 carpatinas.

184 1791 212 1857 si
228 1813 288 1856 nos
306 1791 435 1856 omnino
453 1791 501 1854 vis
519 1812 628 1856 omnes
646 1793 788 1877 perdere,
805 1792 906 1868 Vetti,

226 1884 346 1950 hiscas:
364 1884 492 1948 omnino
509 1885 595 1970 quod
612 1885 702 1970 cupis
720 1885 849 1951 efficies.

584 2322 718 2392 XCIX

184 2443 336 2531 Surripui
351 2442 420 2522 tibi,
439 2443 515 2509 dum
532 2443 625 2522 ludis,
643 2443 761 2510 mellite
777 2444 916 2523 Iuventi,

226 2538 381 2605 saviolum
399 2539 484 2604 dulci
501 2539 624 2604 dulcius
642 2539 810 2604 ambrosia.

183 2656 293 2699 verum
311 2633 344 2697 id
360 2655 424 2696 nou
442 2633 560 2718 inpune
577 2634 651 2698 tuli:
669 2656 808 2718 namque
826 2634 961 2720 amplius
979 2635 1090 2700 horam

226 2727 378 2793 suffixum
394 2726 429 2790 iu
445 2748 570 2792 summa
587 2750 638 2792 me
656 2727 785 2792 memini
803 2749 872 2792 esse
890 2749 995 2805 cruce,

182 2821 260 2886 dum
276 2821 334 2885 tibi
351 2843 403 2886 mc
420 2841 524 2906 purgo
540 2842 599 2886 nec
616 2843 747 2906 possum
765 2821 893 2886 fletibus
916 2822 989 2887 ullis
1176 2836 1195 2892 5

225 2917 383 2980 tantillum
401 2925 524 2980 vestrae
541 2915 668 2980 demere
684 2915 845 2980 saevitiae.

181 3033 257 3075 nam
274 3009 367 3074 simul
385 3007 419 3072 id
436 3009 555 3073 factum
573 3018 630 3086 est,
648 3008 756 3073 multis
774 3008 874 3073 diluta
890 3008 1007 3074 labella

225 3103 323 3189 guttis
341 3102 515 3168 abstersisti
532 3102 679 3180 omnibus
697 3102 846 3178 articulis,

181 3220 222 3263 ne
239 3196 410 3282 quicquam
426 3207 534 3262 nostro
552 3206 747 3262 contractum
767 3219 806 3260 ex
824 3218 878 3261 ore
896 3206 1049 3276 maneret,

224 3301 387 3374 tamquam
404 3290 577 3355 conmictac
595 3312 710 3376 spurca
727 3290 827 3355 saliva
843 3289 947 3376 lupae.

182 3395 346 3471 praeterea
361 3384 479 3450 infesto
495 3385 646 3450 miserum
664 3407 716 3450 mc
733 3384 857 3450 tradere
874 3385 989 3450 Amori

224 3500 289 3544 non
307 3478 436 3543 cessasti
453 3478 601 3562 omnique
619 3478 800 3544 excruciare
818 3479 922 3556 modo,

181 3583 219 3638 ut
235 3571 280 3636 mi
298 3595 337 3637 ex
355 3572 514 3637 ambrosia
531 3583 688 3637 mutatum
705 3572 769 3637 iam
786 3573 869 3638 foret
885 3571 965 3638 illud

225 3665 381 3732 saviolum
399 3665 480 3731 tristi
497 3665 617 3731 tristius
635 3666 807 3732 helleboro.

182 3782 278 3846 quam
295 3760 445 3843 quoniam
462 3782 598 3846 poenam
615 3761 731 3826 misero
748 3760 899 3847 proponis
916 3762 1027 3839 amori,

223 3875 398 3940 numquam
416 3854 480 3920 iam
497 3854 629 3941 posthac
647 3855 737 3921 basia
754 3854 931 3940 surripiam.
