2954 4990
272 375 349 420 mv
707 372 934 416 rubescentes

270 492 463 566 aestimabat,
486 491 587 552 sedin
604 491 738 552 versibus
760 490 905 552 faciendis
926 493 1072 552 incuriam
1093 492 1309 570 adgnoscebat,
1332 514 1377 556 eo

273 579 434 638 subvenire
455 583 489 636 ut
505 596 581 658 quae
603 580 636 636 in
653 577 734 636 illius
756 578 886 637 numeris
904 575 1095 655 displicerent
1115 578 1153 636 ad
1175 579 1376 656 elegantioris

270 665 347 723 artis
369 682 501 722 normam
523 662 678 739 redigeret.
713 665 912 741 nequeenim
934 661 1027 722 ullam
1052 681 1173 722 ceruam
1194 682 1258 724 esse
1283 663 1376 724 vide·

275 768 340 808 mus
362 768 415 808 cur
431 746 632 826 Nipperdeius
650 766 748 825 opusc.
770 767 799 824 p.
817 748 878 805 491
896 765 1035 806 versuum
1057 749 1165 808 satirae
1181 749 1375 810 Horatianae

272 837 503 913 praemissorum
520 834 691 910 scriptorem
705 831 913 891 calumniando
930 834 1048 890 remita
1061 831 1216 892 detorsisse
1230 837 1375 893 statuerit

272 925 316 992 ut,
335 939 402 978 cum
419 920 627 994 grammaticm
645 916 754 976 Lucilii
775 936 895 975 manum
912 937 973 976 non
990 919 1149 994 corrigere,
1172 917 1226 977 sed
1242 922 1373 980 remotis

272 1006 358 1062 vitiis
376 1002 413 1061 ab
432 1001 498 1060 aliis
514 1000 684 1060 hominibus
705 1000 807 1060 inlatis
827 1003 980 1062 resn'tuere
1002 1001 1161 1078 adgressus
1183 1011 1271 1076 esset,
1296 1022 1372 1062 eum

269 1091 356 1167 ipsos
373 1093 479 1167 poetae
495 1106 597 1146 versus
615 1085 772 1146 emendare
788 1086 866 1146 velle
884 1085 1002 1146 diceret
1033 1086 1121 1159 unde,
1140 1089 1166 1146 si
1183 1087 1264 1146 aliud
1277 1089 1371 1161 nihil,

274 1173 331 1230 hoe
352 1172 535 1251 perspicitur,
558 1170 661 1231 rudem
683 1179 775 1231 artem
797 1173 996 1250 antiquiorum
1017 1179 1170 1250 poetarum
1187 1172 1372 1232 Latinorum

270 1278 294 1316 a
312 1257 426 1318 (latone
442 1256 673 1335 haudquaquam
690 1256 846 1334 probatam
862 1274 934 1316 esse.
960 1258 1025 1334 ipsa
1041 1264 1141 1316 autem
1158 1261 1370 1334 grammatico-

274 1363 342 1402 rum
366 1345 605 1421 poeticorumque
627 1341 791 1402 studiorum
816 1344 848 1400 in
871 1359 905 1400 eo
928 1343 1097 1401 coniunctio
1119 1341 1209 1420 plane
1230 1342 1370 1402 Alexan-

272 1427 361 1486 drino
379 1429 455 1486 mori
472 1430 619 1487 convenit.
655 1425 760 1506 quodsi
778 1428 844 1505 quis
862 1426 936 1485 baec
954 1428 1051 1484 omnia
1069 1446 1136 1486 cnm
1157 1429 1200 1486 eis
1218 1436 1370 1505 conponet

269 1531 351 1592 quae
370 1532 459 1591 snpra
476 1531 515 1571 ex
533 1511 675 1570 Suetonio
693 1510 857 1582 attulimus,
881 1509 969 1570 facile
991 1511 1048 1570 sibi
1070 1511 1258 1590 persuadebit
1275 1513 1368 1572 Vele-

273 1601 352 1656 rium
370 1596 514 1657 Catonem
531 1595 637 1655 ducem
658 1603 689 1654 et
709 1597 874 1675 principem
895 1596 987 1654 luisse
1008 1598 1071 1656 eius
1091 1604 1244 1675 poetarum
1267 1608 1368 1657 sectae

270 1701 352 1761 quae
369 1685 507 1740 extremis
525 1679 676 1739 decenniis
693 1681 812 1759 septimi
830 1680 867 1739 ab
885 1681 958 1740 urbe
970 1679 1090 1740 condita
1108 1681 1218 1742 saeculi
1231 1681 1368 1742 Alexan·

274 1767 428 1825 drinorum
455 1765 634 1825 carminibus
661 1764 791 1826 studiose
815 1763 985 1825 lectitandis
1013 1769 1236 1846 imitationeque
1266 1771 1368 1846 expri-

274 1849 390 1911 mendis
412 1869 509 1910 ncvae
534 1853 605 1909 artis
626 1853 715 1909 initia
735 1858 864 1928 poneret.
900 1849 1004 1908 borum
1025 1859 1177 1929 poetarum
1199 1852 1366 1932 plerosque,

269 1941 294 1996 i.
318 1955 343 1996 e.
365 1954 467 1995 omnes
492 1954 542 1995 eos
569 1938 621 2014 qui
647 1939 777 1996 carmina
802 1938 946 1995 amatoria
970 1934 1117 2009 fecerunt,
1145 1933 1272 1996 Ovidius
1294 1937 1315 1995 l
1340 1958 1366 1998 e

275 2041 303 2080 v.
322 2022 491 2080 427—442
510 2029 671 2081 enumerat
706 2041 866 2100 equorum
889 2023 1029 2080 societate
1051 2019 1131 2101 quod
1152 2021 1236 2080 abest
1252 2022 1366 2081 Furius
1466 2057 1467 2074 .

273 2105 444 2178 Bibaculus,
472 2125 560 2185 qnam
587 2114 617 2166 et
639 2109 738 2186 ipsum
761 2106 884 2166 Catonia
905 2103 1082 2183 discipulum
1108 2105 1198 2165 fuisse
1224 2105 1365 2180 vidimus,
1466 2133 1467 2186 ς

273 2191 344 2251 binc
361 2212 428 2250 cum
441 2190 623 2270 Nipperdeio
641 2192 660 2250 l
675 2212 699 2251 c.
713 2213 741 2270 p.
756 2191 816 2249 501
833 2189 1037 2250 concludimus
1055 2209 1123 2249 eum
1140 2191 1178 2249 ab
1195 2191 1248 2250 illo
1265 2196 1366 2269 poesis
1466 2197 1467 2206 ’

271 2295 382 2354 genere
399 2296 518 2356 prorsus
536 2295 567 2335 sc
584 2277 770 2336 abstinuisse.
805 2295 909 2355 parum
928 2279 1008 2333 enim
1029 2275 1183 2354 probabile
1205 2283 1249 2336 est
1270 2275 1366 2336 fuisse

268 2365 352 2421 inter
374 2381 423 2421 eoa
445 2381 526 2440 quoe,
554 2368 656 2420 contra
677 2380 713 2420 ae
733 2359 879 2434 Ticidam,
902 2360 1042 2420 Metellae
1064 2379 1193 2420 amorem
1214 2360 1269 2420 snb
1291 2380 1364 2422 vero

272 2449 338 2506 eius
355 2449 476 2505 nomine
493 2448 635 2506 cecinisse
653 2444 780 2506 Ovidius
803 2445 959 2523 significat.
992 2448 1058 2506 istis
1081 2449 1174 2522 igitur
1195 2449 1289 2524 poetis
1307 2447 1365 2506 hoc

268 2549 430 2590 commune
462 2538 525 2590 erat
555 2530 635 2608 quod
669 2533 868 2609 antiquiorum
902 2537 1056 2610 poetarum
1086 2531 1274 2604 Latinorum,
1311 2535 1365 2611 qui
1467 2569 1468 2582 .

272 2616 438 2675 Homerum
459 2617 644 2693 potissimum
669 2623 698 2675 et
719 2619 847 2692 tragicos
869 2619 1054 2694 comicosque
1073 2615 1190 2675 Atticos
1212 2619 1276 2675 sive
1297 2635 1365 2677 ver·

272 2699 378 2761 tendes
396 2703 459 2760 sive
475 2699 635 2758 imitandos
653 2700 711 2759 sibi
728 2708 920 2779 sumpserant,
944 2703 1079 2777 vestigiis
1100 2701 1211 2761 relictis
1229 2698 1364 2760 Alexan·

268 2785 425 2846 drinorum
452 2787 641 2865 maximeque
662 2784 836 2845 Callimachi
863 2790 992 2845 rationes
1018 2793 1048 2845 et
1073 2785 1241 2863 exemplum
1268 2790 1364 2845 secuti

271 2875 389 2930 minora
406 2877 521 2930 tantum
543 2869 783 2935 modocarmina
805 2871 1019 2949 conponebant,
1041 2878 1075 2928 ut
1096 2870 1217 2948 epyllia,
1240 2868 1361 2947 elegias,

267 2957 395 3029 iambos,
414 2959 628 3035 epigrammata
641 2963 669 3016 et
682 2954 715 3015 id
732 2975 826 3032 genus
839 2955 906 3014 alia.
933 2962 962 3015 et
974 2958 1007 3014 in
1020 2958 1104 3033 epico
1121 2954 1239 3034 quidem
1254 2973 1363 3033 genere

177 3077 180 3084 ·
272 3062 333 3100 non
350 3061 397 3100 res
414 3043 573 3114 Romanas,
593 3044 668 3100 sicut
685 3050 799 3100 veteres
816 3040 871 3112 issi,
889 3040 941 3100 sed
955 3038 1134 3099 Graecorum
1152 3040 1269 3100 fabulas
1286 3047 1363 3100 trac-

272 3126 377 3186 tabant
395 3145 503 3205 easque
524 3130 684 3205 praecipue
706 3127 764 3186 sibi
785 3126 935 3202 eligebant
956 3143 1032 3204 quae
1055 3145 1122 3184 cum
1138 3125 1239 3204 paullo
1259 3143 1363 3186 recon-

273 3211 394 3271 ditiores
417 3218 522 3284 essent,
544 3221 608 3271 tum
629 3232 770 3289 magnum
793 3211 943 3270 doctrinae
966 3209 1141 3288 adparatum
1163 3209 1362 3271 admitterent.

271 3299 306 3354 in
328 3314 362 3354 eo
384 3314 506 3355 numero
528 3304 597 3355 sunt
617 3305 734 3374 praeter
756 3296 877 3355 Catonis
898 3295 1082 3374 Dictynnam
1104 3295 1236 3374 Zmyrna
1257 3294 1362 3354 Helvii

269 3379 398 3452 Cinnae,
420 3379 456 3437 Io
476 3380 588 3439 Licinii
611 3380 705 3454 Calvi,
729 3380 860 3440 Glaucus
883 3380 1043 3451 Cornificii,
1065 3379 1149 3439 Pelei
1172 3388 1202 3440 et
1223 3379 1362 3439 Thetidis

272 3467 394 3542 nuptiae
412 3462 531 3537 Catulli,
554 3464 804 3544 probabiliterque
827 3469 916 3526 etiarn
934 3464 1048 3545 Cybele
1070 3485 1088 3524 a
1106 3464 1238 3525 Caecilio
1259 3464 1362 3524 Novo·

269 3552 402 3609 comensi
422 3548 561 3608 incohata
584 3548 673 3626 (conf.
694 3571 783 3629 supra
799 3571 827 3629 p.
847 3549 935 3622 LIII)
958 3554 1021 3610 eius
1043 3549 1125 3608 modi
1148 3568 1266 3610 carmen
1288 3557 1360 3609 erat.

266 3655 331 3715 qua
347 3633 385 3695 ab
401 3632 614 3693 consuetudine
627 3634 716 3713 plane
728 3639 895 3696 recessisset
907 3636 1016 3696 Furius
1029 3635 1198 3704 Bibaculus,
1217 3638 1243 3694 si
1255 3653 1361 3694 verum

268 3728 348 3781 esset
364 3718 444 3800 quod
462 3719 583 3778 scholiis
600 3719 774 3779 Horatianis
792 3720 901 3780 adeat.
920 3721 953 3779 II
972 3722 989 3778 5
1009 3722 1051 3778 40
1069 3719 1171 3779 confisi
1188 3719 1280 3796 vulgo
1298 3739 1361 3780 cre·

265 3805 353 3879 dunt,
372 3825 440 3866 enm
458 3823 576 3864 carmen
594 3808 709 3884 epicum
728 3804 765 3864 de
781 3804 860 3864 bello
875 3805 991 3867 Gallico
1009 3808 1205 3883 conposuisse.
1236 3814 1268 3864 at
1284 3804 1360 3865 falso

265 3889 302 3949 id
319 3891 400 3951 credi
422 3909 478 3951 nec
499 3889 622 3950 inrideri
645 3889 683 3950 ab
704 3890 830 3949 Horatio
851 3891 1036 3962 Bibacnlnm,
1059 3889 1111 3949 sed
1132 3890 1257 3950 Furium
1274 3888 1361 3968 Alpi·

268 3995 341 4035 num
359 3975 507 4056 quendam
525 3975 646 4035 aliunde
663 3995 724 4034 non
741 3982 844 4034 notum
866 3975 955 4035 fidem
977 3975 1050 4034 mihi
1072 3973 1143 4035 fecit
1159 3973 1361 4055 Nipperdeius

266 4058 288 4118 l.
311 4081 334 4120 a
357 4081 385 4141 p.
405 4062 467 4120 499
482 4081 519 4122 ss.
555 4062 650 4121 Varro
677 4067 776 4120 autem
797 4059 956 4131 Atacinus,
984 4082 1051 4120 cum
1072 4078 1190 4120 carmen
1213 4080 1299 4120 suurn
1321 4059 1361 4120 de

267 4144 346 4204 bello
369 4146 536 4226 Sequanico
562 4146 714 4220 conderet,
740 4145 898 4207 Ennianus
924 4149 1013 4206 etiam
1040 4149 1097 4205 arti
1124 4145 1362 4240 disciplinaeque
