2976 5004
605 377 721 432 arnan
1129 359 1173 429 45

148 508 247 582 atque
264 497 344 565 haec
362 499 510 565 extremis
528 511 680 564 maestam
700 499 992 583 dixisse'querollis,
1191 511 1242 568 130

148 593 319 677 frigidulos
330 594 401 658 udo
419 593 576 677 singultus
594 616 648 658 ore
666 594 811 659 cientem.

148 687 265 752 ‘sicine
283 709 334 751 me
351 687 461 772 patriis
480 698 634 764 avectam,
652 688 782 772 perfide,
801 688 842 752 ab
860 687 933 764 oris,

150 780 282 864 perfide,
301 781 425 846 deserto
443 780 563 864 liquisti
579 781 613 844 in
629 781 730 858 litore,
749 781 897 846 Theseu?

148 873 250 938 sicine
268 875 433 940 discedens
451 876 596 959 neglecto
612 875 743 939 numine
761 876 869 938 divum
905 901 907 906 ·

148 968 307 1032 inmemor
324 991 352 1043 a,
370 969 486 1033 devota
501 969 631 1032 domum
650 969 788 1052 periuria
805 968 934 1053 portas?

148 1060 280 1126 nullane
296 1083 347 1126 res
365 1061 467 1146 potuit
485 1061 621 1126 crudelis
638 1063 763 1126 flectere
782 1061 895 1124 mentis

148 1153 337 1218 consilium?
372 1154 430 1217 tibi
446 1155 536 1218 nulla
552 1155 612 1218 fuit
628 1154 797 1220 clementia
813 1165 949 1240 praesto,

149 1248 263 1312 inmite
281 1257 317 1312 ut
334 1249 432 1312 nostri
451 1248 545 1313 vellet
561 1249 764 1314 miserescere
781 1249 912 1334 pectus?

149 1351 185 1406 at
202 1363 266 1406 non
284 1342 364 1407 haec
381 1342 542 1425 quondam
559 1338 678 1406 blanda
696 1343 852 1427 promissa
869 1341 984 1406 dedisti

150 1457 231 1500 voce
249 1425 336 1511 mihi,
354 1457 418 1500 non
436 1431 514 1502 haec
531 1435 647 1500 misera
665 1458 791 1520 sperare
810 1436 954 1512 iubebas,

148 1529 208 1593 sed
226 1528 362 1593 conubia
379 1529 472 1602 laeta,
491 1529 547 1593 sed
564 1539 690 1614 optatos
708 1531 914 1613 hymenaeos:

146 1643 234 1706 quae
252 1633 367 1686 cuncta
384 1623 460 1687 aerii
477 1622 661 1708 discerpunt
677 1623 771 1688 inrita
790 1623 884 1688 venti.

148 1715 315 1780 nunciam
334 1717 420 1780 nulla
437 1716 505 1780 viro
522 1716 638 1780 iuranti
656 1716 774 1781 femina
792 1717 910 1794 credat,

148 1809 239 1873 nulla
256 1808 314 1871 viri
334 1819 438 1894 speret
455 1830 615 1874 sermones
634 1833 703 1874 esse
721 1809 845 1886 fidelem

148 1902 221 1986 quis
240 1903 315 1966 dum
335 1903 455 1984 aliquid
473 1903 604 1987 cupiens
622 1903 746 1967 animus
763 1904 936 1988 praegestit
954 1903 1063 1989 apisci,

149 1997 195 2060 nil
214 2007 357 2060 metuunt
375 1997 490 2072 iurare,
508 1995 586 2060 nihil
604 1998 786 2082 promittere
803 2009 948 2082 parcunt,

149 2090 209 2155 scd
226 2091 319 2154 simul
338 2112 375 2155 ac
388 2090 528 2175 cupidae
546 2091 659 2154 mentis
678 2091 791 2155 satiata
808 2091 947 2168 libidost,

149 2184 235 2248 dicta
251 2183 330 2249 nihil
347 2185 529 2259 meminere,
546 2183 626 2247 nihil
643 2185 780 2269 periuria
797 2195 919 2258 curant,

150 2287 236 2342 certe
254 2298 314 2362 ego
333 2288 363 2343 te
381 2277 413 2341 in
430 2277 535 2342 medio
553 2288 731 2342 versantem
749 2278 874 2344 turbine
891 2278 946 2344 leti

148 2371 260 2456 eripui,
279 2380 312 2454 et
327 2370 432 2455 potius
449 2392 636 2455 germanum
654 2371 796 2436 amittere
814 2371 910 2448 crevi,

148 2485 246 2547 quam
264 2463 321 2527 tibi
338 2463 443 2529 fallaci
462 2485 610 2549 supremo
627 2465 659 2528 in
678 2476 820 2550 tempore
838 2466 972 2531 dessem.

149 2579 208 2643 pro
226 2578 289 2641 quc
308 2558 509 2623 dilaceranda
526 2558 601 2623 feris
619 2559 719 2623 dabor
736 2560 927 2644 alitibusque

149 2653 278 2737 praeda,
295 2675 399 2735 neque
416 2652 530 2720 iniecta
547 2653 728 2718 tumulabor
744 2664 869 2719 mortua
887 2666 979 2720 terra.

145 2766 306 2830 quaenam
324 2755 354 2810 te
372 2747 482 2830 genuit
499 2747 567 2809 sola
584 2748 644 2810 sub
662 2770 741 2831 rupe
758 2748 879 2824 leaena,

147 2839 236 2923 quod
252 2859 339 2902 mare
357 2849 544 2922 conceptum
562 2840 782 2925 spumantibus
800 2842 911 2926 expuit
926 2842 1030 2916 undis,
1184 2861 1237 2917 155

148 2954 232 3016 quae
250 2929 364 3016 Syrtis,
382 2952 465 3014 quae
483 2931 593 3016 Scylla
610 2955 719 3018 rapax,
738 2955 819 3017 quae
837 2945 928 3000 vasta
945 2933 1136 3020 Charybdis,

149 3026 225 3090 talia
241 3025 297 3108 qui
314 3025 422 3090 reddis
438 3047 495 3110 pro
512 3026 599 3091 dulci
615 3027 756 3112 praemia
773 3027 856 3093 vita?
1061 3063 1063 3070 ⁴

147 3120 175 3184 si
191 3119 249 3183 tihi
266 3141 329 3184 non
348 3119 435 3184 cordi
452 3120 577 3184 fuerant
595 3121 731 3186 conubia
747 3133 866 3199 nostra,

148 3236 244 3278 saeva
260 3213 346 3296 quod
364 3213 514 3278 horrebas
532 3213 627 3299 prisci
644 3226 813 3300 praecepta
829 3217 977 3301 parentis,

147 3318 182 3372 at
198 3317 304 3372 tamen
322 3307 355 3370 iu
372 3317 492 3371 uestras
510 3307 640 3392 potuisti
657 3309 773 3375 ducere
790 3311 889 3385 sedes,

147 3421 230 3484 quae
247 3400 304 3464 tibi
322 3400 460 3465 iucundo
479 3401 650 3468 famularer
667 3425 758 3468 serva
774 3404 893 3480 labore,

148 3494 283 3560 candida
299 3494 498 3579 permulcens
515 3495 642 3578 liquidis
661 3496 794 3583 vestigia
811 3498 947 3584 lymphis

147 3610 345 3673 purpureave
362 3599 454 3651 tuum
472 3600 674 3654 consternens
693 3603 780 3656 veste
798 3593 912 3658 cubile.

147 3680 202 3746 sed
221 3681 297 3764 quid
315 3703 374 3766 ego
393 3682 510 3767 ignaris
527 3683 719 3766 nequiquam
738 3707 913 3770 conqueror
929 3687 1014 3752 auris

147 3785 311 3840 externata
327 3776 421 3848 malo,
440 3797 522 3859 quae
540 3777 633 3842 nullis
652 3779 796 3844 sensibus
814 3791 926 3846 auctae
1181 3801 1234 3857 165

147 3891 206 3933 nec
222 3868 335 3934 missas
352 3870 461 3936 audire
480 3882 600 3954 queunt
617 3894 676 3937 nec
693 3873 825 3939 reddere
842 3876 955 3939 voces?

147 3962 198 4027 ille
216 3975 323 4030 autern
340 3985 439 4050 prope
456 3965 520 4029 iam
539 3965 651 4031 mediis
668 3978 814 4032 versatur
829 3967 863 4032 in
881 3968 984 4044 undis,

146 4078 203 4121 nec
221 4055 391 4140 quisquam
409 4057 541 4143 adparet
558 4082 660 4125 vacua
676 4061 817 4125 mortalis
834 4061 867 4126 iu
885 4062 967 4146 alga.

146 4149 190 4216 sic
207 4149 300 4215 nimis
317 4150 472 4217 insultans
491 4163 631 4218 extremo
649 4165 791 4239 tempore
809 4177 905 4221 saeva
