2954 4990
297 327 352 369 xvl
728 321 958 364 momolenus

296 445 400 524 aliqua
417 442 549 522 amplior,
568 443 600 500 in
614 459 675 521 qua
686 440 789 500 crebro
803 443 942 500 convivia
954 441 1145 519 agitabantur
1158 443 1265 523 quibus
1278 444 1398 505 Lesbia

296 548 417 610 quoque
438 531 587 599 intererat,
610 544 663 605 per
683 524 846 586 ludibrium
871 526 969 586 ‘salax
991 527 1128 587 taberna'
1150 532 1259 589 vocari
1290 549 1396 609 neque

294 617 363 676 eius
384 613 464 673 modi
485 612 639 672 translatio
661 629 715 690 per
740 630 771 670 se
797 611 992 690 inprobabilis
1013 622 1066 686 est,
1092 631 1239 694 saepeque
1259 616 1395 675 Romani

296 699 451 760 vocabulis
473 718 492 756 a
513 699 631 756 taberna
652 695 787 756 deductis
809 698 1012 755 cannensem
1033 705 1064 757 et
1084 701 1286 758 contubernalis
1309 703 1394 760 iocu-

296 784 399 844 lariter
415 782 465 843 vel
482 784 594 842 ironice
611 782 660 840 usi
676 790 753 840 sunt.
788 791 914 858 augetur
930 802 1001 841 vero
1018 781 1106 842 buius
1123 787 1310 846 coniecturae
1322 806 1393 864 pro-

297 868 435 929 babilitas
453 867 552 927 verbis
569 868 612 926 eis
629 867 737 945 quibus
755 865 891 926 Catullus
909 869 998 926 situm
1015 867 1155 928 tabernae
1175 869 1297 942 indicat,
1320 890 1392 930 cum

296 954 373 1013 dicit
394 953 427 1011 ‘a
449 951 577 1031 pilleatis
599 971 679 1010 nona
700 950 841 1010 franibm
863 951 941 1030 pila.'
977 952 1055 1032 quod
1079 954 1266 1031 significandi
1293 974 1393 1032 genus

294 1046 403 1098 cautae
421 1037 574 1096 cuiusdam
591 1036 858 1097 circumlocutionis
870 1039 998 1116 speciem
1014 1037 1112 1111 babet,
1129 1042 1303 1117 praesertim
1320 1060 1392 1100 cum

295 1126 331 1183 in
353 1143 512 1202 quamnam
532 1122 614 1182 urbis
635 1123 787 1200 regionem
809 1122 847 1182 ab
869 1121 943 1182 aede
965 1121 1121 1182 Castorum
1147 1123 1315 1200 derigamur
1337 1127 1392 1185 ob-

293 1228 417 1269 scurum
430 1210 475 1268 sit
503 1215 592 1286 atque
606 1206 662 1267 hoc
675 1207 796 1286 quidem
809 1209 971 1266 rectissime
984 1209 1043 1265 iam
1053 1209 1203 1268 Bruuerus
1216 1210 1235 1267 l.
1245 1230 1270 1269 c.
1284 1231 1312 1290 p.
1324 1211 1390 1270 628

296 1295 457 1374 perspexit,
480 1292 533 1353 sed
550 1294 660 1351 erravit
677 1311 712 1353 co
730 1292 811 1371 quod
831 1295 925 1370 ipsam
944 1292 1064 1352 domum
1080 1293 1207 1354 Lesbiae
1225 1295 1391 1371 significari

293 1380 423 1459 putavit,
441 1380 490 1438 cui
507 1379 672 1437 sententiae
688 1397 716 1435 v.
736 1379 776 1434 14
794 1385 895 1456 aperte
911 1387 1066 1456 repugnat.

361 1464 427 1522 Iam
445 1461 601 1540 explicatis
618 1481 654 1520 ac
671 1461 821 1539 dispositis
837 1464 880 1522 eis
892 1481 971 1540 quae
988 1465 1054 1541 ipsa
1071 1465 1203 1522 carmina
1215 1462 1389 1524 Catulliana

296 1548 336 1608 de
348 1548 460 1608 Lesbia
476 1547 641 1622 subgerant
654 1545 693 1605 ad
706 1546 789 1604 illam
802 1549 1004 1625 quaestionem
1017 1566 1094 1627 quae
1110 1550 1143 1606 in
1155 1568 1281 1626 persona
1297 1549 1389 1609 buius

297 1632 430 1692 mulieris
457 1630 627 1691 definienda
656 1638 790 1690 versatur
817 1634 943 1691 tramite
973 1632 1050 1692 licet.
1094 1633 1257 1693 ‘Lesbiam'
1284 1634 1390 1695 fictum

296 1736 406 1777 nomeu
428 1735 492 1776 essa
512 1734 566 1795 per
586 1734 618 1776 se
644 1715 807 1795 adpareret
834 1719 923 1776 etiam
949 1719 975 1775 si
997 1738 1057 1777 non
1083 1725 1239 1778 testaretur
1259 1717 1389 1780 Ovidius

296 1802 522 1861 nist.11428.
561 1819 657 1880 neque
683 1801 812 1860 dubitari
834 1809 941 1880 potest,
967 1805 1140 1881 praesertim
1165 1823 1233 1862 cunr
1257 1806 1389 1882 primum

294 1890 430 1947 omnium
451 1888 615 1946 carminum
636 1885 676 1945 ad
696 1886 836 1946 Lesbiam
857 1889 1013 1946 missorum
1034 1907 1051 1947 e
1073 1887 1193 1967 Sappho
1216 1909 1389 1967 expressum

296 1973 344 2045 sit,
363 1973 436 2052 quin
455 1970 589 2031 Catullus
607 1972 813 2034 celeberrimae
829 1974 961 2050 poetriae
977 1972 1104 2033 Lesbiae
1121 1973 1218 2032 studio
1240 1973 1388 2035 adductus

294 2059 335 2118 sit
351 2065 385 2116 ut
401 2056 533 2137 puellam
549 2077 634 2118 suam
654 2057 816 2118 honorifico
838 2056 891 2117 illo
912 2059 1033 2117 nomine
1053 2060 1086 2116 in
1103 2059 1237 2118 versibus
1259 2061 1318 2118 suis
1338 2062 1388 2118 in-

293 2143 429 2220 signiret.
465 2162 542 2222 quae
559 2142 680 2223 quidem
700 2145 744 2203 rei
765 2142 924 2221 explicatio
946 2145 1007 2201 iam
1029 2142 1067 2202 ab
1084 2143 1189 2202 Issam
1206 2144 1311 2203 Vossio
1332 2144 1387 2204 ob-

292 2237 402 2287 servat.
425 2248 453 2306 p.
478 2229 538 2286 189
560 2231 711 2307 proposita
731 2227 820 2306 plene
841 2226 959 2301 sufficit,
985 2246 1041 2286 nec
1063 2248 1137 2307 opus
1159 2237 1203 2288 est
1223 2228 1262 2287 ad
1278 2230 1389 2288 vilissi-

294 2332 377 2371 mum
390 2311 574 2390 Apollinaris
592 2311 708 2372 Sidonii
724 2315 925 2372 testimonium
942 2313 1110 2390 confugere,
1128 2315 1180 2392 qui
1198 2316 1281 2391 epist
1294 2315 1329 2373 ΙΙ
1342 2317 1387 2374 10

293 2403 370 2456 extr.
391 2396 531 2456 Lesbiam
555 2416 617 2455 una
642 2417 708 2456 cum
731 2397 850 2457 Catullo
877 2417 978 2457 versus
1003 2398 1108 2458 fecisse
1133 2406 1241 2459 namet.
1281 2418 1386 2459 verum

291 2489 397 2541 autem
422 2481 540 2561 puellae
570 2501 678 2542 nomen
708 2482 800 2543 fuisse
827 2481 990 2542 Clodiam
1016 2483 1162 2561 Apuleius
1187 2483 1264 2562 apol
1292 2505 1315 2543 c.
1343 2487 1386 2544 10

292 2565 427 2640 tradidit,
445 2573 480 2625 ut
496 2565 628 2626 eiusdem
645 2586 754 2627 nomen
771 2585 926 2628 mensurae
943 2588 996 2648 pro
1014 2587 1154 2644 germano
1173 2589 1191 2626 a
1207 2577 1295 2646 poeta
1316 2571 1386 2629 sub-

291 2653 432 2712 stitutum
457 2670 521 2711 esse
546 2651 709 2725 videamus,
736 2672 794 2731 quo
818 2653 943 2712 alterum
968 2653 1052 2712 salvo
1077 2661 1170 2714 metro
1197 2673 1264 2712 cum
1291 2654 1384 2714 altero
1475 2651 1476 2676 ¹

294 2740 470 2798 commutari
486 2745 593 2816 posset,
615 2738 729 2816 quade
751 2740 866 2799 ratione
883 2738 921 2797 ab
941 2739 1006 2797 aliis
1024 2757 1141 2818 quoque
1157 2740 1252 2817 poetis
1267 2738 1385 2799 Latinis

295 2826 454 2902 praecipue
470 2824 501 2881 in
524 2821 715 2900 designandis
735 2823 842 2901 puellis
865 2825 925 2882 suis
947 2822 1081 2882 adhibita
1102 2826 1213 2902 primus
1230 2823 1385 2885 Bentleius

291 2908 334 2967 ad
355 2909 429 2968 Hor.
452 2929 539 2968 carm.
562 2908 654 2968 1112
679 2909 727 2982 13,
750 2916 817 2986 post
838 2908 890 2967 alii
912 2917 1118 2987 exposuerunt.
1155 2907 1291 2968 Clodiam
1312 2928 1384 2970 vero

295 2993 373 3053 hanc
387 2993 498 3054 Catulli
514 3013 579 3054 esse
591 3013 720 3054 sororem
733 2995 820 3052 istam
833 2993 867 3053 P.
883 2992 981 3053 Clodii
993 2992 1115 3053 Pulchri
1130 2992 1383 3072 ‘quadrantariae’

291 3081 472 3155 cognomine
493 3080 637 3138 famosam
658 3079 747 3140 hodie
768 3081 846 3139 iuter
870 3078 1026 3158 plerosque
1048 3087 1170 3138 constat.
1206 3098 1294 3158 quam
1317 3098 1384 3139 sen-

294 3165 418 3222 tentiam
440 3165 500 3222 iam
523 3164 639 3224 saeculo
663 3173 746 3224 sexto
768 3163 882 3224 decimo
905 3185 922 3223 a
944 3165 1033 3224 Petro
1051 3164 1181 3223 Victorio
1204 3163 1327 3240 aliisque
1348 3165 1383 3223 in

294 3247 424 3307 medium
449 3249 607 3326 prolatam,
633 3257 734 3309 nostra
759 3257 855 3309 aetate
880 3268 934 3328 per
954 3250 1130 3308 Mauricium
1152 3248 1316 3325 Hauptium
1341 3247 1381 3308 ab
1474 3273 1475 3286 ¹

295 3331 444 3392 oblivione
477 3333 659 3392 vindicatam
689 3333 860 3393 Ludovicus
891 3333 1064 3393 Schwabius
1098 3335 1130 3392 in
1160 3331 1381 3413 quaestionibus

288 3416 471 3478 Catullianis
489 3418 589 3497 ampla
606 3425 695 3496 atque
717 3418 853 3494 diligenti
876 3417 1074 3496 disputatione
1098 3417 1179 3477 haud
1196 3416 1382 3476 mediocriter

292 3501 445 3574 stabilivit,
465 3504 519 3562 etei
536 3521 591 3562 nec
609 3504 750 3582 optimam
770 3504 889 3562 omnino
908 3502 1135 3579 argumentandi
1152 3505 1296 3562 rationem
1313 3504 1382 3561 iniit

292 3594 323 3647 et
344 3586 421 3646 falsa
441 3606 558 3667 quoque
580 3587 744 3646 admiscuit.
779 3606 875 3667 neque
892 3607 968 3666 quae
988 3596 1091 3666 postea
1108 3586 1326 3648 Vorlaenderus
1348 3588 1381 3645 in

291 3672 499 3734 dissertatione
516 3693 605 3751 supra
624 3671 733 3746 adlata,
751 3673 877 3732 Tammo
891 3673 1066 3733 Tammerus
1080 3675 1231 3733 Kroonius
1248 3675 1280 3730 in
1293 3690 1380 3752 quae-

287 3758 438 3819 stionibus
465 3756 642 3817 Catullianis
669 3756 811 3835 Lugduni
837 3759 1018 3818 Batavorum
1048 3779 1074 3817 a.
1103 3759 1185 3817 1864
1212 3757 1377 3835 publicatis,

288 3841 419 3924 denique
431 3841 606 3904 Alexander
619 3843 735 3904 Riesius
753 3844 786 3902 in
803 3845 901 3903 annal.
915 3843 1054 3922 philolog.
1066 3851 1085 3903 t.
1101 3843 1162 3916 CV,
1177 3863 1205 3922 p.
1217 3843 1277 3901 747
1292 3861 1328 3900 ss.
1347 3843 1380 3900 in

287 3931 467 3988 contrariam
479 3937 591 4009 partem
603 3927 829 4006 disputaverunt
841 3931 883 3989 ita
896 3937 965 3988 sunt
979 3937 1138 4008 conparata
1152 3935 1184 3985 ut
1198 3926 1237 3986 ad
1250 3926 1379 3987 refutan-

288 4010 359 4072 dam
376 4013 458 4073 illam
481 4016 656 4076 sententiam
675 4015 833 4092 quicquam
854 4014 987 4085 valeant,
1012 4016 1135 4094 eiusque
1156 4032 1255 4071 rursus
1278 4009 1379 4071 defen-

283 4115 368 4160 sores
383 4101 505 4160 extitere
513 4098 661 4162 Aemilius
675 4097 873 4159 Baehrensius
886 4101 918 4160 in
932 4098 1132 4160 analectorum
1142 4097 1381 4158 Catullianorum
