2976 5004
774 343 945 400 casuum

755 533 956 601 LXXVIII.

348 652 461 720 Gallus
479 653 576 720 habet
592 653 717 730 fratres,
734 673 871 736 quorum
889 664 938 720 est
955 655 1149 740 lepidissima
1166 660 1310 726 ooniunx

389 749 528 825 alterius,
546 747 670 832 lepidus
687 747 771 811 filius
789 748 928 813 alterius.

349 840 463 908 Gallus
482 841 576 905 homo
594 851 643 906 est
659 840 777 906 bellus:
796 863 871 906 nam
889 842 998 908 dulces
1015 843 1120 930 iungit
1137 867 1274 924 amores,

389 958 462 1000 eum
480 948 580 1020 puero
597 945 633 998 ut
650 934 733 1000 bello
752 934 836 999 bella
852 935 960 1020 puella
977 935 1081 1002 rubet.

310 1027 462 1098 5Gallus
480 1028 576 1092 homo
593 1037 642 1093 est
659 1029 772 1092 stultus
790 1048 849 1092 neo
867 1050 901 1093 se
919 1028 1006 1093 videt
1024 1051 1094 1096 esse
1111 1032 1272 1110 maritum,

388 1124 444 1208 qui
461 1133 593 1208 patruus
610 1122 716 1208 patrui
732 1132 886 1188 monstret
901 1123 1102 1190 adulterium.

769 1469 939 1535 LXXIX

344 1589 483 1656 Lesbius
502 1599 550 1655 est
566 1590 689 1675 puloer:
712 1588 859 1672 quidni?
877 1589 1111 1673 quemLesbia
1128 1593 1218 1658 malit

387 1706 484 1768 quam
502 1693 533 1748 te
551 1705 624 1748 eum
642 1691 708 1746 tota
724 1693 831 1767 geute,
850 1681 988 1758 Catulle,
1006 1694 1071 1748 tua.

344 1779 402 1845 sed
419 1789 525 1843 tamen
543 1777 594 1841 hio
610 1775 720 1861 pulcer
737 1776 855 1841 vendat
873 1798 946 1840 cum
963 1791 1058 1864 gente
1076 1778 1252 1858 Catullum,

388 1873 415 1936 si
432 1870 491 1936 tria
508 1881 655 1936 notorum
673 1871 763 1935 savia
779 1871 961 1956 reppererit.

781 2217 932 2285 LXXX.

343 2339 432 2422 Quid
450 2339 563 2415 dicam,
583 2335 678 2415 Gelli,
696 2360 795 2422 quare
812 2361 904 2404 rosea
920 2339 983 2404 ista
998 2338 1115 2406 labella

386 2434 519 2498 hiberna
536 2434 614 2498 fiant
631 2432 814 2498 candidiora
831 2434 914 2509 nive,

343 2551 436 2592 mane
454 2527 548 2590 domo
566 2549 639 2592 cum
657 2526 725 2590 exis
743 2536 866 2591 etcum
883 2537 915 2592 te
932 2537 1045 2592 ootava
1061 2527 1168 2612 quiete

386 2644 403 2686 e
421 2620 508 2685 molli
526 2620 623 2704 longo
641 2619 772 2684 suscitat
788 2619 868 2686 hora
884 2619 954 2686 die?

306 2716 450 2783 oneseio
467 2713 545 2798 quid
562 2724 647 2780 certe
665 2725 728 2779 est:
746 2737 787 2779 an
805 2737 879 2780 vere
896 2716 983 2780 fama
1000 2726 1143 2780 susurrat

385 2809 519 2897 grandia
535 2819 567 2874 te
584 2807 681 2874 medii
699 2818 786 2874 tenta
803 2829 914 2873 vorare
925 2808 1009 2873 viri?

342 2905 388 2971 sio
406 2913 490 2968 certe
507 2912 568 2968 est:
587 2903 726 2968 clamant
742 2902 882 2968 Victoris
899 2913 993 2987 rupta
1008 2902 1123 2968 miselli

384 2998 447 3075 ilia,
466 3008 498 3063 et
515 2997 636 3062 emulso
654 2997 744 3062 labra
761 3006 869 3060 notata
888 3016 967 3062 sero.

766 3185 936 3195 nun——

766 3344 936 3410 LXXXI.

340 3467 485 3532 Nemone
501 3464 536 3529 in
553 3473 641 3529 tanto
658 3464 762 3548 potuit
777 3465 896 3550 populo
915 3485 994 3540 esse,
1012 3463 1150 3541 Iuventi,

383 3559 484 3626 bellus
503 3558 608 3633 home,
625 3577 721 3639 quem
739 3569 773 3622 tu
792 3558 923 3642 diligere
941 3557 1106 3642 inciperes,

339 3664 560 3740 praeterquam
578 3651 638 3716 iste
656 3661 729 3716 tuus
747 3652 937 3717 moribunda
955 3653 996 3716 ab
1014 3651 1089 3718 sede
1106 3651 1234 3718 Pisauri

382 3748 497 3833 hospes
513 3747 660 3811 inaurata
677 3746 823 3832 pallidior
841 3757 955 3823 statua,

301 3853 323 3910 5
340 3841 394 3928 qui
412 3841 470 3906 tibi
486 3862 572 3906 nuno
590 3840 676 3906 cordi
695 3853 752 3915 est,
769 3861 865 3923 quem
882 3852 916 3903 tu
934 3861 1131 3925 praeponere
1147 3841 1240 3906 nobis

382 3935 479 4001 audes
498 3945 530 4001 et
546 3933 649 4000 neseis
666 3934 753 4019 quod
770 3933 894 3998 facinus
911 3933 1020 3999 faoias.
