2976 5004
600 367 716 423 LIBER

232 489 259 556 si
277 513 352 557 vera
370 500 418 558 est
435 475 605 556 Persarum
624 490 711 575 inpia
728 489 860 575 relligi0‚

187 597 299 672 gratus
316 596 353 650 ut
370 598 499 671 accepto
516 595 685 650 veneretur
702 586 840 650 carmine
859 584 948 649 divos
1185 604 1205 658 ὁ

233 690 397 746 omentum
413 679 446 744 in
464 679 592 745 flamma
609 679 730 764 pingue
746 679 963 762 liquefaciens.

572 883 744 896 m

146 1163 221 1228 Non
238 1161 321 1240 ideo,
340 1161 436 1239 Gelli,
455 1162 623 1247 sperabam
641 1172 672 1227 te
689 1162 767 1226 mihi
785 1161 884 1227 fidum

191 1257 226 1321 in
243 1257 359 1322 misero
376 1256 437 1321 hoc
455 1266 573 1333 nostre,
591 1256 652 1320 hoc
669 1257 793 1342 perdito
812 1279 918 1322 amore
936 1255 1015 1332 fore,

147 1351 236 1433 qued
253 1362 284 1416 te
302 1372 367 1415 non
384 1372 510 1415 nossem
528 1350 610 1414 bene
628 1362 863 1416 constantemve
880 1360 1025 1435 putarem
1092 1385 1093 1392 κ

191 1454 248 1510 aut
263 1465 356 1530 posse
374 1467 393 1508 a
411 1443 495 1530 turpi
513 1454 652 1508 mentem
669 1443 812 1509 inhibere
829 1443 956 1530 probro,

147 1537 205 1603 sed
221 1559 326 1622 neque
343 1537 430 1620 quod
447 1546 580 1602 matrem
597 1558 657 1602 nec
674 1559 860 1621 germanam
878 1559 947 1602 esse
964 1536 1114 1602 videbam
1186 1549 1205 1604 ὁ

192 1630 275 1696 hanc
292 1630 351 1695 tibi
369 1629 459 1695 cuius
477 1653 528 1694 me
546 1653 682 1715 magnus
700 1629 815 1695 edebat
832 1653 931 1696 amor.

148 1735 180 1792 et
196 1724 342 1807 quamvis
360 1734 466 1788 tecum
485 1724 584 1788 multo
603 1724 814 1809 coniungerer
830 1747 902 1799 usu,

156 1840 159 1843 ·
190 1838 255 1882 non
273 1817 349 1896 satis
366 1817 401 1894 id
418 1838 532 1880 causae
550 1817 747 1882 credideram
764 1839 834 1882 esse
851 1818 918 1882 tibi.

147 1923 182 1978 tu
201 1913 278 1978 satis
295 1912 329 1976 id
347 1911 457 1976 duxtir
476 1921 599 1976 tantum
617 1912 674 1976 tibi
691 1911 846 1995 gaudium
863 1912 896 1975 in
914 1909 1001 1975 omni

190 2007 285 2093 culpa
303 2016 361 2083 est,
380 2004 414 2070 in
431 2026 632 2089 quacumque
650 2015 698 2069 est
714 2004 836 2088 aliquid
854 2005 990 2070 sceleris.
1189 2017 1225 2073 10

603 2385 717 2452 XCII.

148 2505 331 2574 Lesbia-mi
349 2505 427 2571 dicit
443 2528 567 2592 semper
588 2507 671 2570 male
688 2527 748 2572 nee
766 2515 850 2572 tacet
866 2526 1017 2589 umquam

193 2602 232 2668 de
250 2623 316 2666 me:
335 2599 457 2665 Lesbia
474 2622 525 2665 me
544 2599 723 2685 dispeream
740 2597 803 2665 nisi
821 2610 915 2664 amat

150 2716 215 2780 quo
233 2694 345 2779 signo?
368 2692 443 2776 quia
461 2703 535 2757 sunt
552 2693 683 2758 totidem
702 2716 786 2758 mea:
805 2694 958 2779 deprecor
974 2693 1061 2759 illam
1130 2779 1132 2786 Ι

190 2788 332 2866 adsidue,
353 2809 464 2853 verum
482 2786 660 2873 dispeream
676 2786 737 2851 nisi
755 2807 837 2851 amc.

582 3153 727 3250 riom.

146 3278 200 3344 Nil
217 3277 349 3343 nimium
367 3276 490 3356 studeo,
510 3276 639 3352 Caesar,
657 3276 715 3340 tibi
733 3277 814 3342 velle
831 3275 968 3362 placere,

190 3394 249 3438 nec
266 3373 347 3438 scire
364 3383 471 3436 utrum
488 3371 531 3436 sis
548 3370 641 3436 albus
659 3393 700 3435 an
718 3381 786 3436 ater
804 3370 909 3436 homo.

573 3573 742 3587 -κ

593 3740 722 3808 XCIV.

158 3861 302 3928 Mentula
319 3859 514 3927 moechatur.
558 3860 742 3928 moechatur
758 3861 911 3925 mentula:
930 3871 1023 3928 certe.

190 3955 251 4021 hoc
269 3965 327 4033 est,
345 3956 432 4038 quod
449 3955 568 4032 dicunt,
585 3955 656 4041 ipsa
673 3954 759 4020 olera
776 3954 839 4024 olla
855 3953 941 4039 legit.
985 3993 986 3996 =
1006 4049 1009 4056 Ι

578 4153 745 4165 ——.-—.

965 4243 1000 4295 5·
