2954 4990
258 367 332 409 XLIV
688 361 918 406 PROLEGOMENA

260 487 344 544 cuius
371 483 526 542 annalibus
548 489 637 561 poeta
656 484 690 540 iu
712 481 774 540 fine
795 483 933 540 carminis
958 481 1043 539 triste
1064 478 1159 540 fatum
1181 492 1362 559 auguratur.

258 574 303 629 ita
320 568 437 627 demum
454 569 523 627 huie
541 569 746 647 epigrammati
764 586 819 624 sua
836 572 951 624 constat
964 568 1156 640 concinnitas,
1175 571 1360 650 apicumque

260 673 386 726 carmen,
413 663 447 713 ut
466 673 521 732 par
542 661 594 722 est,
622 672 683 711 non
705 658 883 730 conparatur
903 653 962 708 nisi
984 653 1077 728 epico,
1104 659 1201 730 atque,
1229 673 1299 713 cum
1321 659 1359 715 in

257 743 357 818 priore
381 737 551 798 tetrasticho
576 736 691 796 Cinnae
717 735 832 795 diutino
858 735 954 794 labori
979 734 1120 794 festinata
1140 737 1259 797 Volusii
1286 758 1356 800 ver·

258 825 383 884 sificatio
410 827 448 882 sit
474 826 621 901 opposita,
652 824 685 880 in
712 822 804 880 altero
830 820 948 900 qualem
973 827 1096 900 uterque
1121 820 1249 882 fructum
1279 823 1358 884 inde

257 909 372 968 laturus
390 912 428 967 sit
444 907 631 986 praedicitur.
667 909 799 986 sequitur
815 914 850 965 ut
866 904 903 965 de
921 925 955 963 eo
973 903 1100 965 disticho
1118 905 1251 967 dicamus
1270 909 1356 988 quod

257 998 337 1053 inter
363 996 494 1052 earmina
522 990 691 1051 Camilliana
721 1009 843 1050 numero
868 989 976 1050 XCV⁸
998 989 1228 1068 designavimus.
1269 994 1356 1073 quod

258 1077 380 1158 quidem
397 1076 436 1136 ad
454 1076 557 1137 eadem
575 1075 734 1136 eorundem
755 1085 910 1155 poetarum
932 1093 1022 1154 opera
1043 1083 1177 1156 spectare
1197 1098 1251 1156 pro
1270 1087 1357 1140 certo

258 1166 333 1222 sumi
364 1170 469 1242 potest.
514 1181 672 1242 parvorum
702 1165 782 1221 enim
812 1167 1067 1220 monumentorum
1097 1179 1205 1220 nomen
1233 1161 1358 1225 Cinnae

258 1247 370 1327 epyllio
388 1251 508 1325 egregie
526 1250 672 1307 convenit.
708 1247 815 1326 quibus
833 1265 904 1306 curn
916 1244 1046 1304 tumidus
1058 1244 1265 1320 Antimachus,
1283 1252 1305 1307 i
1326 1269 1354 1309 e.

256 1341 374 1393 vastum
388 1333 510 1412 aliquod
522 1331 696 1392 Antimachi
714 1350 841 1403 carmen,
860 1338 1033 1410 opponatur,
1050 1349 1146 1409 paene
1159 1335 1294 1408 cogimur
1314 1334 1357 1396 de

258 1418 415 1478 annalibus
428 1418 546 1478 Volusii
560 1421 699 1494 cogitare,
717 1436 791 1496 quos
804 1435 946 1492 magnum
960 1415 1147 1494 amplumque
1165 1437 1239 1496 opus
1257 1418 1355 1480 fuisse

257 1507 395 1562 carminis
421 1502 509 1562 XCV
530 1521 632 1562 versus
655 1503 673 1558 3
697 1509 726 1561 et
750 1502 768 1559 8
795 1500 962 1560 ostendunt.
1003 1501 1110 1561 Graeci
1138 1505 1216 1560 enim
1242 1511 1358 1581 poetae
1464 1577 1465 1582 ἵ

256 1608 366 1648 nomen
383 1587 525 1646 translate
543 1607 561 1645 a
580 1586 697 1646 Catullo
715 1585 881 1645 adhibitum
898 1604 962 1646 esse
979 1589 1045 1664 quis
1064 1594 1108 1645 est
1125 1605 1213 1664 quem
1230 1587 1355 1665 fugiat?

256 1677 340 1731 cuius
363 1671 565 1730 translationis
588 1690 664 1750 quae
687 1674 725 1730 sit
746 1691 835 1730 causa
856 1669 936 1729 infra
956 1668 1125 1751 exponendi
1143 1675 1258 1731 occasio
1282 1678 1353 1734 erit.

257 1756 310 1817 sed
324 1777 501 1836 quamquam
516 1756 588 1815 haec
601 1759 644 1813 ita
657 1774 720 1816 esse
732 1775 904 1834 persuasum
917 1755 1021 1828 habeo,
1040 1763 1139 1814 tamen
1152 1755 1356 1820 Lachmanno

257 1841 415 1914 adsentior,
434 1845 485 1920 qui
503 1841 576 1900 duos
593 1844 666 1900 istos
683 1841 843 1901 versiculos
861 1861 916 1900 ac.
929 1838 1025 1914 XCV,
1044 1844 1092 1900 cui
1109 1850 1198 1902 antea
1213 1841 1355 1904 adiuncti

256 1934 350 1999 erant,
368 1930 525 2006 separavit,
543 1929 691 2005 mirorque
708 1929 884 1986 recentiores
902 1924 1028 1986 editores
1044 1934 1162 2005 praeter
1178 1926 1354 2007 Hauptium

257 2020 286 2072 et
303 2012 472 2072 Vahlenum
491 2031 591 2071 omnes
610 2011 648 2071 ab
665 2010 747 2071 illius
770 2014 885 2070 ratione
905 2030 1005 2070 rursus
1022 2009 1198 2070 discessisse.
1235 2016 1353 2074 etenim

256 2118 279 2156 c.
303 2097 392 2158 XCV
417 2101 550 2175 auguriis
576 2115 673 2156 rerum
699 2096 864 2156 futurarum
891 2098 1041 2174 aptissime
1066 2095 1221 2169 clauditur,
1248 2117 1354 2177 neque

255 2202 332 2263 quae
353 2186 525 2242 insecuntur
546 2183 624 2242 bene
646 2182 804 2242 cohaerent
827 2201 892 2239 cum
914 2180 1171 2259 praecedentibus,
1198 2181 1354 2262 stulteque

254 2288 327 2328 sane
348 2267 466 2328 fecisset
487 2275 584 2346 poeta,
611 2270 646 2340 si,
672 2275 829 2347 postquam
850 2266 968 2326 Volusii
990 2265 1111 2326 annales
1133 2269 1166 2325 in
1191 2269 1256 2346 ipso
1284 2269 1354 2329 sole

254 2353 348 2411 natali
371 2353 521 2412 oblivione
543 2352 680 2411 obrutum
700 2355 740 2411 iri
764 2349 926 2430 praedixit,
952 2349 1046 2409 nihilo
1068 2353 1165 2410 minus
1187 2354 1220 2410 in
1241 2352 1352 2414 eodem

255 2441 468 2516 epigrammate
481 2456 531 2496 eos
546 2436 626 2515 apud
638 2437 780 2516 populum
794 2439 938 2512 gratiosos
948 2455 1011 2496 esse
1020 2439 1218 2496 concessisset.
1244 2441 1348 2513 immo,

254 2525 378 2581 nisime
397 2524 496 2580 omnia
514 2520 630 2594 fallunt,
654 2521 710 2580 hoc
732 2521 879 2580 distichon
900 2529 962 2580 tum
980 2519 1098 2580 demum
1114 2525 1269 2600 conposuit
1288 2522 1351 2583 Ca-

253 2606 357 2678 tullus,
381 2626 448 2664 cum
469 2625 566 2685 neque
585 2604 700 2666 Cinnae
722 2605 855 2684 epyllion
877 2625 944 2666 eam
965 2610 1091 2683 gratiam
1113 2625 1210 2686 neque
1226 2607 1350 2670 Volusii

255 2691 377 2752 annales
395 2710 460 2750 eam
479 2693 726 2770 contemptionem
744 2711 832 2770 quam
850 2699 1033 2771 expectasset
1053 2694 1204 2752 invenisse
1220 2692 1347 2753 videret.

254 2785 323 2837 sunt
347 2779 427 2836 enim
448 2777 541 2836 verba
562 2776 715 2837 evidenter
740 2795 771 2836 se
797 2797 940 2856 suumque
962 2780 1090 2836 amicum
1112 2778 1290 2836 consolantis
1313 2787 1351 2839 et

252 2862 397 2922 iudicium
423 2861 527 2942 populi
553 2861 750 2941 despicientis.
794 2865 902 2941 itaque,
929 2869 963 2921 ut
988 2881 1012 2920 c.
1038 2860 1126 2922 XCV
1152 2866 1252 2921 statim
1276 2873 1351 2942 post

253 2947 363 3008 editam
380 2947 549 3026 Zmyrnam,
575 2951 619 3007 ita
636 2968 659 3007 o.
677 2946 784 3008 XCV*
800 2955 932 3026 tempore
950 2947 1049 3025 aliquo
1067 2950 1232 3006 intermisso
1251 2952 1347 3028 scrip—

252 3041 315 3092 tum
336 3041 481 3112 putamus.
517 3036 573 3093 etsi
600 3041 697 3092 autem
718 3035 752 3092 in
774 3032 867 3092 altero
889 3035 1100 3111 epigrammate
1125 3050 1222 3111 neque
1244 3032 1350 3094 Cinna

251 3137 349 3197 neque
366 3118 507 3181 Volusius
525 3122 695 3178 nominatur
713 3151 752 3159 -
770 3117 945 3179 Baehrensii
962 3121 1041 3177 enim
1063 3126 1266 3190 commentum,
1289 3123 1345 3197 qui

253 3213 351 3281 spreto
368 3203 516 3282 probabili
533 3202 660 3262 Avantii
676 3207 710 3262 in
727 3204 788 3262 line
808 3203 973 3263 hexametri
994 3202 1207 3281 complemento
1226 3202 1348 3265 Cinnae

252 3306 359 3346 nomen
382 3291 515 3358 inseruit,
542 3291 602 3347 iarn
624 3309 643 3347 a
663 3291 792 3348 metricis
817 3288 983 3348 rationibus
1003 3291 1202 3348 reiectaneum
1225 3296 1269 3348 est
1288 3321 1341 3363 —,

251 3379 351 3430 tamen
370 3376 545 3451 quicumque
562 3373 595 3432 id
612 3373 773 3434 secundum
791 3393 814 3432 o.
828 3371 916 3435 XCV
930 3373 1113 3432 conlocatum
1130 3373 1214 3432 videt
1230 3381 1260 3433 et
1276 3393 1345 3434 sen-

250 3459 360 3516 tentias
380 3460 414 3515 in
436 3464 560 3536 utroque
586 3458 643 3518 sibi
669 3462 818 3537 oppositas
844 3468 993 3537 conparat,
1020 3457 1109 3518 facile
1133 3458 1288 3536 intelleget
1307 3463 1344 3519 in

250 3544 413 3621 posteriore
431 3541 549 3602 eosdem
567 3541 700 3602 homines
717 3542 880 3620 significari
898 3542 1055 3623 dequibus
1071 3547 1105 3603 in
1122 3546 1219 3622 priore
1232 3547 1341 3621 agitur.

250 3626 330 3707 quod
356 3647 423 3686 cum
449 3645 487 3686 ne
513 3647 593 3686 nunc
622 3627 743 3707 quidem
769 3647 943 3707 quemquam
970 3628 1073 3705 fugere
1099 3631 1203 3707 possit,
1228 3637 1345 3708 quanto

249 3717 346 3791 magis
373 3710 547 3793 aequalibus
568 3711 687 3772 illorum
709 3722 872 3792 temporum
897 3717 1085 3793 perspicuum
1108 3714 1198 3774 fuisse
1223 3715 1343 3794 putabi-

249 3798 334 3858 mus?
356 3805 446 3858 restat
463 3804 497 3856 ut
514 3797 551 3857 de
569 3818 592 3856 o.
610 3797 753 3860 XXXVI
770 3819 900 3876 agamus,
923 3802 956 3858 in
978 3819 1035 3880 quo
1056 3797 1189 3859 Catullus
1207 3819 1225 3858 a
1241 3799 1342 3860 reditu

249 3886 282 3942 in
304 3887 430 3960 gratiam
454 3903 522 3942 cum
540 3881 646 3942 Clodia
668 3904 770 3944 ansam
791 3886 878 3964 petiit
898 3891 932 3944 ut
949 3885 1073 3944 Volusio
1096 3887 1227 3960 graviter
1247 3884 1340 3944 insul·

249 3976 333 4027 taret.
363 3969 446 4028 illam
464 3972 544 4028 enim
556 3969 667 4030 Veneri
682 3968 883 4049 Cupidinique
900 3979 1002 4030 narrat
1017 3973 1142 4041 vovisse,
1161 3972 1187 4029 si
1203 3972 1268 4048 ipse
1281 3971 1340 4031 sibi

250 4060 326 4113 esset
346 4057 507 4128 restitutus,
534 4073 566 4114 se
588 4057 709 4134 pessimi
730 4063 835 4134 poetae
857 4059 966 4134 scripta
987 4058 1053 4132 igni
1074 4053 1249 4114 traditurum
1266 4074 1338 4115 esse.

248 4136 329 4218 quod
351 4159 417 4198 cum
439 4147 560 4201 voveret
579 4139 693 4216 Clodia,
719 4143 813 4222 ipsius
835 4143 973 4200 nimirum
996 4139 1108 4202 Catulli
1129 4143 1260 4200 carmina
1284 4159 1342 4220 per
