2954 4990
543 372 770 415 Pnouaaonnrta
1168 373 1204 413 1x

111 491 252 564 declarat,
271 491 502 570 inlustratnrque
518 491 587 550 talis
605 493 719 568 ingenii
736 490 861 551 facultas
878 490 1005 552 Lesbiae
1022 493 1119 552 iocoso
1138 493 1205 550 eius

109 585 191 649 voto,
213 579 295 636 cuius
314 597 402 655 supra
420 578 599 637 mentionem
616 577 829 636 incohavimus.

176 661 234 721 His
251 664 284 720 in
301 665 473 720 universum
491 663 632 740 expositis
649 665 742 721 tutius
760 665 819 721 iam
845 660 884 720 ad
901 661 1020 738 singula
1036 669 1204 741 temporum

110 745 224 820 ordine,
243 747 341 826 quoad
359 749 422 806 eius
439 747 503 807 fieri
516 749 631 826 poterit,
650 747 815 806 enarranda
828 747 953 806 transire
966 746 1042 808 licet.
1070 767 1202 827 quonam

109 831 200 891 modo
222 831 334 891 factum
360 834 398 891 sit
423 839 457 890 ut
479 830 613 891 Catullus
634 832 774 891 Lesbiam
796 832 923 910 primum
946 835 1128 912 conspiceret
1149 853 1205 890 no·

110 925 274 996 seeretque,
294 919 349 976 etsi
366 917 452 976 nobis
470 937 531 976 non
547 917 681 991 traditur,
705 921 768 976 veri
785 925 885 976 tamen
902 917 996 977 simile
1015 926 1059 976 est
1077 936 1144 976 eum
1162 917 1205 976 ad.

111 1003 269 1079 coniugem
287 1001 367 1060 illius
384 1001 583 1061 introductum
600 1021 671 1061 esse.
699 1022 878 1082 quamquam
896 1021 934 1061 ex
951 1022 975 1061 c.
989 1001 1162 1061 LXXXIII
1181 1005 1198 1058 1

109 1088 224 1145 iniuria
243 1086 301 1146 hoc
323 1086 478 1164 colligitur.
513 1087 566 1145 ubi
587 1086 668 1166 quod
688 1094 775 1165 poeta
797 1087 937 1146 Lesbiam
963 1088 1020 1147 sibi
1046 1095 1205 1166 praesente

109 1174 176 1230 viro
194 1171 273 1230 mala
294 1171 422 1250 plurima
445 1171 541 1231 dicere
563 1178 670 1244 narrat,
694 1171 726 1229 id
748 1192 808 1231 non
830 1175 873 1230 ita
892 1171 1125 1249 Intellegendum
1148 1181 1204 1246 est,

109 1264 263 1335 tamquam
285 1275 321 1316 ea
342 1254 460 1316 visendi
485 1258 582 1333 gratia
604 1256 723 1315 domum
749 1259 848 1316 mariti
873 1259 918 1315 sui
943 1258 1075 1332 ingresso
1101 1277 1200 1316 coram

109 1341 314 1410 maledixerit;
343 1343 391 1399 cui
417 1340 535 1419 quidem
562 1343 798 1420 interpretationi
824 1344 881 1400 ista
906 1361 982 1421 quae
1004 1361 1030 1402 v.
1051 1344 1069 1400 3
1093 1349 1122 1402 ct
1144 1342 1200 1400 bs.

109 1426 252 1503 leguntur
273 1433 452 1504 repugnant,
480 1427 522 1484 ita
548 1433 582 1484 ut
602 1426 640 1486 ab
662 1429 765 1485 amicis
787 1428 884 1505 potius
907 1426 944 1486 de
965 1426 1093 1486 Lesbiae
1115 1428 1147 1485 in
1169 1445 1205 1486 se

111 1513 255 1570 conviciis
274 1513 448 1589 comperisse
468 1510 618 1570 Catullum
636 1511 810 1570 sumendum
833 1513 879 1570 sit
916 1511 967 1570 sed
989 1515 1040 1590 qui
1062 1514 1204 1570 carminis

109 1595 207 1654 XXX
233 1598 377 1654 rationem
403 1596 494 1674 probe
522 1604 705 1675 perspectam
734 1597 824 1656 habet
844 1627 887 1636 —
909 1595 1070 1674 explicavit
1099 1605 1199 1657 autem

111 1699 177 1740 cam
199 1683 233 1739 in
254 1682 424 1740 universum
445 1683 606 1741 rectissime
622 1680 780 1760 Adelphus
801 1681 1001 1758 Kiesslingius
1024 1689 1203 1741 commenta*

109 1768 225 1824 tionum
246 1767 278 1824 in
301 1765 441 1826 honorem
459 1765 608 1824 Theodori
625 1768 801 1826 Mommseni
822 1769 997 1845 scriptarum
1018 1787 1047 1846 p.
1067 1768 1128 1826 354
1146 1799 1202 1840 ——,

110 1853 136 1908 is
158 1852 211 1908 vix
233 1850 382 1910 dubitabit
403 1853 476 1930 quin
497 1850 638 1923 Alfenus,
667 1870 754 1931 quem
776 1852 810 1910 P.
828 1850 972 1910 Alfenum
993 1853 1106 1911 Varum
1129 1851 1203 1912 Ore·

110 1953 290 2009 monensem,
309 1935 547 1995 iurisconsultum
566 1936 767 2010 clarissimum,
787 1955 850 1996 esse
867 1939 970 1996 merito
990 1936 1124 2010 credunt,
1147 1957 1198 2014 po·

109 2019 244 2099 pularem
267 2041 352 2080 suurn
379 2020 419 2095 ad
438 2021 579 2080 Lesbiam
602 2019 756 2081 deduxerit
783 2018 872 2095 (conf.
900 2028 1017 2100 praeter
1037 2043 1064 2079 v.
1089 2025 1143 2081 Is.
1165 2024 1202 2080 in

109 2107 213 2184 primis
231 2106 323 2165 verba
345 2105 408 2164 ‘tua
426 2105 505 2164 dicta
527 2107 626 2164 omnia
647 2106 827 2184 factaque'
846 2127 873 2165 v.
894 2104 940 2180 9);
967 2114 1044 2165 certe
1068 2108 1093 2164 is
1115 2125 1198 2184 spem

109 2191 198 2249 huius
221 2190 352 2249 mulieris
375 2191 432 2250 sibi
455 2190 656 2251 conciliandae
674 2191 792 2251 Catullo
815 2191 947 2250 attulisse
969 2209 1113 2269 suumque
1134 2193 1202 2269 ipse

109 2278 143 2333 in
166 2294 201 2335 ea
221 2295 254 2334 re
275 2275 427 2349 auxilium,
451 2277 557 2355 siquo
580 2297 653 2355 opus
674 2276 757 2349 foret,
780 2278 948 2356 promisisse
969 2275 1119 2354 putandus
1145 2284 1197 2334 est.

111 2379 293 2439 consequens
311 2368 408 2420 autem
426 2369 489 2420 erat
505 2368 539 2418 ut
559 2359 690 2420 fervidus
704 2359 899 2420 adulescentis
913 2364 1029 2420 animus
1042 2371 1203 2420 venustate

110 2445 237 2505 Lesbiae
258 2446 408 2506 celerrime
437 2452 595 2524 caperetur.
632 2451 715 2506 cuius
741 2449 867 2524 gratiam
893 2454 927 2505 ut
953 2446 1009 2506 sibi
1036 2446 1200 2523 colligeret,

110 2532 190 2590 misit
212 2533 239 2590 ei
261 2552 284 2590 c.
302 2530 348 2590 LI
365 2550 381 2590 e
399 2530 520 2610 Sappho
542 2550 724 2610 expressum,
752 2552 809 2611 quo
835 2551 964 2592 amorem
986 2551 1072 2590 suum
1093 2530 1197 2592 arden-

109 2618 254 2674 tissimum
271 2616 365 2676 libere
386 2617 549 2676 confitetur.
584 2636 640 2676 nec
661 2617 753 2675 multo
775 2625 842 2695 post
864 2616 922 2676 duo
940 2616 977 2676 de
994 2635 1112 2695 passere
1128 2635 1200 2695 poe·

110 2703 202 2760 matia
220 2703 427 2780 conscripsisse
447 2708 552 2781 potest.
587 2705 620 2761 in
638 2721 762 2782 quorum
779 2702 898 2781 quidem
919 2704 1017 2782 priore
1038 2703 1093 2761 etsi
1113 2700 1202 2761 reda·

110 2789 184 2844 mari
215 2805 246 2846 se
278 2787 438 2863 significat,
475 2795 575 2846 tamen
604 2789 702 2846 tristes
737 2789 829 2845 animi
863 2789 909 2846 sui
940 2806 1024 2845 curas
1054 2794 1199 2845 memorat

111 2870 315 2949 desiderioque
340 2871 457 2949 puellae
480 2890 511 2932 se
536 2871 686 2932 tabescere
712 2870 841 2930 ostendit
862 2867 909 2945 (II
932 2867 1056 2946 7-10).
1092 2889 1199 2930 verum

110 2956 220 3014 Lesbia
246 2955 401 3034 cupiditati
425 2965 530 3034 poetae
555 2959 640 3016 initio
666 2977 726 3015 non
753 2956 841 3014 modo
866 2976 927 3014 non
948 2954 1122 3027 satisfecit,
1144 2954 1198 3013 sed

111 3041 199 3100 otiam
221 3048 340 3117 propter
362 3039 516 3098 audaciam
543 3043 605 3101 eius
627 3042 936 3119 importunitatemque
959 3042 1136 3112 succensuit,
1164 3047 1201 3097 ut·

112 3144 149 3184 ex
167 3146 191 3183 c.
208 3123 383 3183 LXXXIII
399 3127 586 3203 perspicitur,
611 3125 690 3204 quod
711 3134 811 3184 errant
828 3127 879 3203 qui
901 3125 1055 3202 posteriori
1072 3126 1198 3203 tempori

111 3210 287 3269 attribuunt:
319 3229 448 3288 namque
479 3230 577 3284 coram
608 3212 713 3269 marito
743 3209 826 3268 illam
855 3208 973 3269 Catullo
999 3208 1200 3282 maledixisse,

109 3303 265 3375 postquam
283 3315 350 3354 cum
368 3314 401 3354 eo
419 3297 478 3353 iam
491 3314 552 3354 rem
566 3296 724 3368 habuisset,
742 3314 846 3372 parum
861 3301 904 3354 est
918 3293 1065 3354 credibile.
1093 3294 1196 3354 eodem

110 3381 170 3441 fere
191 3389 322 3458 tompore
346 3401 369 3439 e.
391 3381 488 3438 XXX
509 3383 648 3458 scriptum
670 3387 816 3458 putamus,
844 3400 901 3459 quo
923 3378 1028 3439 Alfeni
1048 3380 1122 3439 Vari
1145 3381 1199 3459 qui

109 3467 258 3544 promissis
284 3485 344 3524 non
367 3468 479 3525 steterit
503 3465 656 3544 perfidiam
680 3468 876 3544 conqueritur.
912 3467 960 3524 cui
986 3467 1149 3524 sententiae
1171 3465 1199 3522 si

111 3553 175 3631 quis
191 3549 224 3609 id
242 3551 359 3610 obstare
378 3553 526 3609 existimet
539 3551 617 3630 quod
636 3551 691 3610 hoc
705 3569 823 3610 carmen
841 3571 984 3609 summam
998 3551 1089 3608 animi
1103 3549 1197 3626 aegri-

109 3635 243 3695 tudinem
264 3635 379 3714 prodat,
403 3635 479 3694 illud
501 3644 603 3695 contra
620 3636 732 3715 aliquid
754 3635 929 3695 insolentiae
951 3642 1040 3715 atque
1057 3635 1203 3693 lasciviae-

109 3721 229 3794 habeat,
257 3721 468 3798 respondemus
493 3720 582 3780 talem
609 3728 740 3780 motuum
766 3723 940 3781 varietatem
966 3722 999 3778 in
1029 3718 1203 3778 amantibus·

109 3807 230 3865 minime
250 3808 355 3864 miram
378 3825 448 3866 esse.
484 3805 537 3865 sed
557 3826 626 3864 mox
647 3827 700 3885 pro
722 3805 834 3865 Alfeno
857 3806 932 3864 aliua
955 3807 1054 3864 extitit
1075 3804 1196 3875 amicus,

110 3893 160 3970 qui
183 3890 263 3970 apud
286 3890 434 3950 dominam
458 3892 619 3970 quandam,
646 3891 770 3950 fortasse
792 3910 919 3950 sororem
941 3910 1036 3961 suam,
1059 3890 1091 3946 in
1113 3889 1204 3946 cuius

112 3974 232 4035 aedibus
249 3977 313 4055 ipse
331 3979 424 4035 amori
447 3997 498 4036 suo
521 3976 707 4052 indulgebat,
732 3975 850 4035 Catullo
868 3993 986 4054 quoque
1007 3992 1107 4033 secure
1130 3993 1197 4032 oum

111 4061 218 4120 Lesbia
237 4061 434 4122 convertendi
453 4063 566 4140 copiam
589 4062 712 4122 faceret:
735 4063 760 4120 is
779 4069 842 4120 erat
857 4060 899 4118 Μ’
917 4057 1016 4118 Allius
1037 4057 1088 4118 ille
1110 4077 1199 4139 quern

111 4155 197 4224 poeta
213 4167 236 4206 c.
251 4146 390 4207 LXVIII
409 4145 447 4206 ad
464 4147 692 4206 immortalitatis
710 4147 880 4205 memoriam
898 4146 1087 4204 consecravit
1119 4143 1202 4204 conf.
