2976 5004
584 385 701 439 LIBER

342 529 480 592 namque
497 507 594 575 Vinia
610 505 743 584 Manlio,
855 501 858 506 ’

408 601 510 684 qualis
527 600 665 665 Idalium
683 601 790 666 colens

408 695 495 759 venit
512 694 554 758 ad
570 694 749 780 Phrygium
767 695 879 760 Venus

343 788 490 864 iudicem,
508 789 593 852 bona
610 810 683 854 cum
700 787 785 852 bona
944 808 946 812 ·

407 882 507 946 nubet
524 882 597 946 alite
615 881 716 966 virgo,

344 1051 462 1115 floridis
479 1050 566 1114 velut
584 1050 706 1115 enitens

407 1154 529 1229 myrtus
546 1143 628 1208 Asia
644 1143 785 1219 ramulis,
864 1191 866 1196 ,

409 1259 490 1320 quos
507 1236 738 1322 hamadryades
751 1237 836 1302 deae

344 1330 501 1395 ludicrum
520 1331 580 1394 sibi
598 1330 704 1394 rosido

407 1423 550 1488 nutriunt
567 1424 709 1488 humore.

345 1614 443 1677 quare
461 1615 521 1679 age
538 1594 602 1658 huc
619 1593 740 1658 aditum
758 1593 865 1659 ferens

407 1710 505 1773 perge
521 1687 665 1770 linquere
684 1685 842 1771 Thespiae

408 1783 496 1866 rupis
513 1781 637 1846 Aonios
655 1800 779 1865 specus,

345 1875 487 1960 nympha
504 1895 584 1958 quos
603 1896 698 1959 super
714 1873 832 1958 inrigat
914 1909 916 1915 ·

408 1967 565 2053 frigerans
582 1968 766 2052 Aganippe,

346 2160 384 2203 ac
402 2138 531 2202 domum
549 2137 709 2202 dominam
725 2157 807 2201 voca

408 2231 553 2316 coniugis
571 2230 721 2316 cupidam
737 2229 823 2306 novi,

410 2336 549 2390 mentem
567 2345 674 2390 amore
690 2322 879 2401 revinciens,

345 2430 382 2486 ut
398 2429 494 2485 tenax
511 2418 629 2484 hedera
645 2417 709 2483 huc
725 2427 758 2482 et
774 2415 838 2482 huc

410 2514 556 2581 arborem
573 2512 704 2598 inplicat
721 2533 840 2577 errans.

346 2704 467 2768 vosque
484 2685 560 2749 item
577 2683 683 2758 simul,
700 2682 843 2767 integrae
919 2748 922 2754 ,

410 2777 561 2862 virgines,
579 2776 694 2859 quibus
713 2775 843 2839 advenit

411 2893 469 2956 par
486 2870 564 2945 dies,
583 2870 667 2954 agite
685 2869 718 2932 in
735 2869 866 2934 modum

348 2963 444 3029 dicite
463 2969 497 3027 ‘o
515 2965 703 3047 Hymenaee
720 2963 862 3044 Hymen,

411 3078 431 3122 o
448 3057 579 3142 Hymen
596 3053 806 3141 Hymenaee,'

346 3238 384 3294 ut
399 3225 571 3316 lubentius,
589 3225 722 3291 audiens

409 3343 444 3386 se
461 3320 585 3386 citarier
602 3319 644 3385 ad
661 3340 755 3384 suum

410 3436 537 3490 munus,
555 3412 619 3479 huc
636 3412 756 3478 aditum
774 3409 855 3478 ferat

348 3507 413 3574 dux
431 3509 533 3572 bonae
551 3507 696 3584 Veneria,
714 3504 791 3570 boni

411 3602 597 3688 coniugator
613 3600 740 3666 amoris.

347 3782 419 3867 quis
437 3782 515 3846 deus
532 3781 635 3866 magis
653 3779 756 3846 anxiis
779 3771 781 3776 ’

412 3886 461 3942 cst
477 3875 633 3960 petendus
650 3872 850 3939 amantibus?

411 3991 506 4052 quem
525 3969 630 4034 colent
646 3968 790 4034 homines
808 3965 911 4051 magis

349 4063 514 4128 caelitum?
537 4084 555 4126 o
573 4064 760 4148 Hymenaee
778 4061 921 4146 Hymen,

411 4177 432 4220 o
449 4156 577 4241 Hymen
596 4157 792 4241 Hymenaee.
820 4196 822 4202 -
861 4186 863 4192 v
