2954 4990
551 371 779 415 Pxoxueorfflrta
1120 373 1213 414 LXXIX

119 493 179 556 bus
197 492 436 571 conparationem
452 489 572 563 habent,
595 491 805 570 aptissimeque
822 490 973 569 Hauptius
990 493 1022 550 in
1040 491 1214 570 praelectio*

122 579 220 651 nibus,
244 586 278 636 ut
300 578 443 654 Belgerus
464 596 493 654 p.
514 577 574 633 239
592 576 662 635 libri
683 578 729 635 sui
750 582 859 649 narrat,
882 595 1001 635 carmen
1022 577 1071 634 IX
1090 577 1211 652 Catulli,

122 684 181 743 quo
200 664 324 723 Veranii
342 662 430 720 amici
446 662 478 719 in
496 661 614 720 Italiam
632 660 742 732 reditus
761 661 933 733 celebratur,
952 681 1019 719 cum
1036 662 1155 720 Horatii
1173 661 1212 721 ad

120 748 320 827 Pomponium
345 745 507 805 Numidam
538 753 568 806 ct
592 747 767 824 Pompeium
794 746 972 805 carminibus
994 746 1024 822 (I
1047 747 1095 804 36.
1122 747 1156 805 lI
1180 745 1214 825 7)

122 823 290 912 conponere
308 831 429 905 solebat,
448 851 506 910 quo
524 832 659 909 exemplo
678 830 750 910 quid
768 830 945 890 discriminis
962 833 1040 891 inter
1056 839 1215 911 utrumque

121 927 241 998 poetam
259 919 413 976 interesset
430 915 651 976 demonstraret.
687 917 827 975 nimirum
844 916 1025 976 Veronensis
1042 925 1130 994 poeta
1146 936 1213 996 peo-

120 1005 195 1062 toris
213 1004 260 1062 sui
276 1003 420 1062 laetitiam
443 998 523 1060 nude
540 1003 713 1081 sincereque
731 1003 869 1079 exprimit
887 1009 976 1080 atque
993 1001 1081 1061 simul
1097 1004 1213 1080 paucis·

122 1089 205 1148 simis
217 1088 316 1147 verbis
330 1088 536 1146 suavissimam
550 1084 700 1145 felicitatis
710 1084 888 1146 domesticae
897 1087 1058 1162 imaginem
1066 1090 1213 1166 proponit,

123 1191 191 1232 cum
210 1172 282 1231 dicit
303 1171 463 1231 ‘venistine
486 1170 606 1230 domum
628 1170 667 1229 ad
689 1178 755 1229 tuos
772 1178 895 1248 penates
912 1172 1091 1250 Fratresque
1107 1176 1216 1230 unani·

121 1278 186 1318 mos
205 1275 354 1337 anumque
371 1253 539 1330 matremi’,
564 1264 690 1335 suntque
710 1254 850 1315 versiculi
867 1257 930 1314 eius
948 1258 991 1313 ita
1009 1259 1162 1334 conparati
1179 1264 1216 1314 ut

121 1363 183 1402 uno
201 1344 314 1421 impetu
331 1343 364 1400 in
376 1341 508 1400 chartam
524 1343 649 1400 coniecti
662 1339 827 1414 videantur,
848 1359 915 1398 curn
927 1342 1097 1400 Venusinus
1112 1349 1218 1400 contra

120 1430 156 1488 in
177 1435 304 1506 utroque
329 1434 464 1505 poemate
487 1428 646 1486 sententias
667 1425 786 1500 longius
813 1427 920 1503 repetit
942 1433 1123 1505 exornatque
1145 1429 1213 1484 arti-

121 1513 254 1572 ficiosius
276 1519 305 1573 et
325 1531 357 1571 re
378 1530 451 1570 vera
477 1510 554 1590 ‘apis
572 1511 704 1570 Matinae
722 1511 808 1570 More
824 1509 984 1591 modoque'
1007 1513 1064 1569 ista
1082 1513 1218 1570 carmina

122 1597 248 1656 tinxisse
269 1616 300 1657 se
321 1596 426 1675 prodit.
468 1596 543 1656 conf.
567 1598 656 1656 etiam
677 1596 785 1655 Munro
807 1597 826 1654 1.
845 1617 869 1654 c.
887 1617 916 1675 p.
936 1597 1055 1668 236ss,
1078 1595 1131 1654 ubi
1154 1595 1219 1654 alia

118 1681 294 1742 ¹Catulliana
315 1690 344 1741 et
365 1682 532 1741 Horatiana
553 1689 622 1761 apte
644 1684 722 1741 inter
743 1701 774 1741 se
796 1688 957 1758 conparata
980 1688 1009 1740 et
1030 1689 1111 1740 recte
1128 1683 1217 1740 aesti-

121 1774 204 1826 mata
229 1769 367 1846 reperies.
401 1766 479 1825 hauc
502 1786 642 1827 sensuum
662 1767 818 1826 veritatem
836 1766 934 1825 ubivis
962 1765 1091 1826 ostendit
1115 1774 1216 1845 poeta,

122 1853 188 1912 sive
209 1855 319 1912 amicos
341 1850 411 1911 colit
429 1853 492 1910 sive
513 1853 546 1910 in
568 1851 752 1910 adversarios
773 1851 924 1909 invehitur
941 1854 1004 1910 sive
1021 1850 1120 1909 fratris
1138 1872 1217 1911 mor-

120 1943 183 1995 tem
200 1937 284 2014 luget
305 1939 369 1996 sive
391 1937 488 1994 tristia
509 1935 647 2014 laetaque
669 1937 777 1994 amoris
800 1938 886 1994 canit.
923 1935 1002 2015 quod
1021 1944 1120 1996 autem
1137 1939 1170 1994 in
1188 1957 1212 1998 c.

119 2021 275 2081 LXXXV
298 2020 504 2080 infidelitatem
521 2020 648 2079 Lesbiae
672 2023 805 2094 cogitans
829 2019 905 2078 dixit
928 2019 991 2078 ‘odi
1014 2028 1044 2080 et
1065 2020 1154 2094 amo',
1178 2039 1218 2080 eo

120 2105 234 2166 Inscius
261 2106 319 2164 duo
341 2105 394 2163 illa
421 2105 583 2183 conplexus
607 2112 651 2163 est
672 2105 779 2182 quibus
801 2122 855 2182 per
877 2123 993 2164 omnem
1015 2107 1107 2164 vitam
1130 2125 1215 2165 suam

121 2191 363 2250 commovebatur
385 2191 521 2248 maxime.
562 2197 624 2248 erat
646 2192 726 2248 enim
747 2191 864 2248 iuvenis
886 2189 992 2249 ardens
1015 2211 1050 2249 ac
1072 2189 1216 2264 fervidus,

121 2274 177 2336 sed
192 2273 272 2334 idem
289 2273 441 2332 irritabilis
460 2281 489 2332 et
506 2276 538 2332 in
550 2276 626 2332 iram
639 2293 787 2352 praeceps.
815 2294 898 2332 arnor
911 2277 974 2333 eius
989 2293 1061 2352 erga
1071 2275 1216 2335 Lesbiam

120 2361 242 2440 penitus
259 2359 384 2418 haerens
401 2379 462 2417 non
480 2368 525 2418 est
540 2360 599 2418 nisi
616 2367 683 2437 post
698 2358 804 2435 longas
818 2361 1019 2419 contentiones
1038 2363 1129 2419 animi
1148 2379 1213 2438 gra·

119 2447 318 2524 vissimosque
335 2443 450 2503 dolores
464 2445 619 2505 extinctus.
647 2445 679 2503 in
692 2445 786 2522 primo
801 2443 905 2504 ardore
918 2463 949 2504 se
962 2447 1026 2523 ipse
1043 2463 1214 2506 vesanum-

121 2530 244 2589 vocavit
257 2527 294 2603 (c.
304 2529 368 2590 VII
379 2531 425 2588 10.
441 2528 517 2588 conl.
536 2531 625 2589 etiam
641 2528 717 2606 07).
745 2528 895 2606 singulare
908 2537 1007 2589 autem
1024 2534 1217 2611 maximeque

121 2614 313 2674 memorabile
330 2616 363 2673 in
380 2616 502 2694 antiquo
519 2622 608 2693 poeta
628 2614 661 2673 id
677 2614 847 2675 habendum
865 2614 946 2693 quod
962 2614 1052 2694 plane
1069 2617 1127 2674 sibi
1144 2636 1216 2675 con·

122 2701 200 2760 scius
218 2706 263 2759 est
280 2699 457 2759 discriminis
474 2702 552 2758 inter
565 2719 694 2759 amorem
708 2699 839 2759 mulieris
857 2699 895 2758 ad
913 2720 1018 2778 corpus
1036 2701 1129 2759 solum
1147 2721 1212 2780 per·

121 2787 266 2844 tinentem
289 2791 317 2843 et
339 2783 473 2844 altiorem
494 2784 580 2844 illum
607 2786 657 2864 qui
681 2805 698 2842 a
721 2786 843 2843 caritate
868 2786 1037 2864 pietateque
1062 2785 1139 2844 nihil
1161 2793 1216 2844 aut

121 2868 257 2949 paullum
279 2867 387 2942 differt,
411 2868 529 2948 qualem
551 2888 635 2928 suam
657 2868 726 2928 olim
748 2871 780 2928 in
799 2868 935 2928 Clodiam
956 2870 1139 2929 voluntatem
1165 2869 1218 2929 bis

122 2954 214 3015 verbo
240 2953 330 3013 bene
353 2953 446 3012 velle
467 2952 637 3030 designavit
654 2951 691 3029 (c.
709 2953 837 3012 LXXII
856 2956 874 3012 8
893 2961 923 3013 et
939 2954 1058 3014 LXXV
1077 2951 1118 3029 7).
1154 2974 1216 3034 qua

123 3039 161 3100 de
178 3057 210 3098 re
228 3037 375 3096 subtiliter
391 3036 536 3096 iudicavit
552 3038 755 3117 Westphalius
772 3059 801 3116 p.
821 3037 881 3096 115
896 3057 919 3097 s.
938 3038 1014 3097 conf.
1029 3040 1118 3098 etiam
1135 3059 1215 3119 quae

121 3143 178 3184 nos
196 3143 286 3201 snpra
301 3141 330 3202 p.
348 3121 464 3180 XXIII
480 3122 618 3183 diximus.
665 3127 728 3182 iam
745 3124 877 3181 carmina
894 3122 934 3181 ad
955 3125 1040 3182 istam
1059 3123 1215 3184 mulierem

123 3209 289 3288 spectantia
307 3226 374 3267 cum
396 3208 485 3283 longe
506 3206 648 3286 pleraque
666 3207 815 3268 excellant
831 3207 1059 3286 pulchritudine,
1078 3217 1141 3268 tum
1160 3209 1218 3268 illa.

122 3295 252 3352 maxime
270 3292 458 3372 perfringunt
474 3299 604 3355 mentem
620 3295 654 3351 in
672 3293 779 3373 quibus
795 3301 884 3370 poeta
901 3293 938 3352 de
954 3293 1129 3353 infidelitate
1148 3297 1213 3354 sius

124 3380 312 3459 conqueritur
328 3380 479 3457 animique
492 3379 539 3436 sui
555 3379 589 3436 in
602 3380 761 3437 contrarios
775 3377 897 3438 affectus
915 3378 1047 3438 distracti
1064 3383 1214 3439 cruciatus

124 3464 263 3541 explicat.
290 3463 419 3542 palmam
432 3482 503 3522 vero
520 3481 592 3542 prae
610 3463 745 3522 omnibus
763 3461 821 3522 fert
838 3482 956 3522 carmen
969 3464 1106 3523 LXXVI
1122 3465 1217 3542 plane

124 3547 307 3620 admirabile,
331 3547 410 3628 quod
433 3549 521 3606 etiam
544 3549 569 3606 si
592 3550 712 3607 unicum
734 3548 820 3608 nobis
842 3557 990 3608 servatum
1012 3557 1089 3609 esset
1109 3569 1212 3608 monu-

123 3641 256 3694 mentum
280 3632 403 3707 Catulli,
431 3652 492 3691 uon
518 3631 719 3692 dubitaremus
747 3652 814 3694 eum
838 3635 916 3693 inter
939 3635 1089 3713 principes
1115 3636 1217 3711 poesis

121 3718 237 3797 'lyricae
250 3719 396 3778 antistites
409 3735 571 3777 numerare.
600 3717 706 3797 quodsi
721 3720 787 3797 quis
802 3718 879 3777 hanc
892 3721 999 3778 amoris
1014 3716 1215 3791 altitudinem,

106 3801 202 3863 ¹hanc
223 3805 372 3862 miseriam
394 3803 465 3862 inde
483 3802 623 3876 obortam,
646 3802 724 3862 hanc
743 3803 837 3861 divini
855 3803 961 3862 auxilii
973 3803 1211 3880 ¹inplorationem

126 3887 298 3960 considerat,
320 3886 418 3948 facere
435 3908 495 3947 non
512 3887 628 3966 poterit,
650 3888 720 3947 licet
738 3907 857 3947 severus
874 3889 913 3946 sit
929 3907 1044 3946 morum
1061 3889 1213 3963 magister,

125 3973 198 4052 quin
225 3974 397 4033 clementius
424 3972 460 4033 de
487 3975 626 4031 universa
652 3975 714 4033 eius
740 3972 866 4032 foederis
893 3972 1067 4031 condicione
1091 3971 1213 4031 iudicet.

123 4078 186 4117 non
211 4060 308 4118 minor
333 4078 421 4138 quam
443 4059 550 4116 amoris
572 4064 636 4116 erat
656 4057 716 4116 odii
737 4063 842 4136 poetae
864 4056 958 4130 ardor,
981 4074 1078 4136 neque
1099 4059 1217 4117 veritus

123 4151 168 4202 est
185 4162 235 4203 eos
253 4163 271 4202 a
289 4144 395 4223 quibus
413 4143 470 4203 sibi
483 4141 641 4203 videbatur
657 4150 833 4222 provocatus
847 4161 911 4202 esse
924 4149 976 4202 aut
993 4161 1066 4223 quos
1085 4145 1216 4221 castiga·
