2968 4990
291 377 398 417 cxxxn
673 373 850 418 annosaslo
873 375 996 420 catulus

291 495 450 555 verborum
467 498 640 572 receperunt
656 493 855 554 Baehrensius
873 501 903 554 et
917 493 1077 554 Vahlenns.
1107 507 1211 570 prutes
1228 498 1396 580 Hauptius

294 601 360 640 curn
378 580 470 637 libris.

356 663 432 722 XCI
450 664 469 722 3
492 683 546 721 non
568 681 675 721 nossem
692 661 841 722 Aventius
865 670 894 722 et
916 662 1129 725 emendationis
1151 665 1267 745 pridem
1284 667 1393 732 factae

292 751 414 826 ignarus
432 750 456 807 Ι.
471 747 628 826 Maeblyus
646 767 715 807 ann.
733 747 835 827 philol
854 746 930 808 0111
949 749 1018 808 356.
1056 769 1213 825 copuoasem
1229 753 1266 826 V,
1284 753 1393 814 Lach-

292 854 427 905 mannus,
446 834 603 911 Hauptius.

356 917 448 977 XCII
467 919 486 976 3
509 918 620 975 totidem
641 937 819 997 quamquam
841 937 902 977 non
923 917 1073 994 intellego,
1096 927 1196 982 tamen
1218 928 1252 980 ut
1268 921 1389 1001 duplici

292 1005 467 1063 auctoritate
497 1002 645 1061 firmatum
676 1011 789 1061 mutare
823 1022 884 1061 non
914 1021 977 1062 sum
1008 1023 1104 1064 ausus.
1158 1005 1269 1066 babent
1303 1009 1388 1066 enirn

292 1097 322 1149 et
348 1087 463 1148 codices
484 1086 584 1160 Gellii,
607 1090 658 1167 qui
676 1087 739 1146 VII
758 1088 835 1145 162
863 1106 980 1147 carmen
1005 1087 1061 1148 boc
1092 1088 1197 1163 adfert,
1226 1099 1256 1150 et
1277 1090 1306 1152 0
1326 1092 1388 1152 Ca-

290 1173 366 1245 tulli,
393 1176 477 1232 cuius
498 1171 568 1231 libri
589 1180 736 1230 auctorem
758 1190 861 1232 versus
883 1173 902 1230 3
921 1173 988 1230 et4
1010 1175 1042 1230 in
1064 1171 1093 1234 G
1115 1177 1237 1235 omissos
1259 1197 1323 1236 nou
1344 1197 1389 1238 ex

292 1258 391 1318 Gellio
409 1256 567 1329 addidisse
590 1256 642 1316 sed
664 1259 697 1314 in
720 1257 880 1334 archetypo
898 1276 950 1316 suo
968 1259 1117 1319 invenisse
1134 1269 1214 1320 recte
1230 1261 1386 1322 Baehren-

291 1346 352 1403 sius
378 1342 537 1422 prolegom.
564 1342 591 1399 L
619 1341 729 1420 aliique
759 1343 895 1402 statuisse
924 1340 1072 1402 videntur.
1121 1353 1216 1423 potest
1235 1345 1387 1423 ,vulgaris

290 1428 401 1487 locutio
419 1427 538 1486 subesse
555 1426 641 1485 nobis
659 1428 770 1502 ignota,
788 1426 919 1497 fortasse,
943 1446 1001 1505 quo
1024 1426 1062 1488 de
1079 1428 1204 1488 Ellisius
1226 1434 1385 1508 cogitavit,

291 1534 310 1572 a
326 1515 425 1574 nescio
444 1529 502 1591 quo
520 1510 590 1570 ludo
609 1509 770 1588 desumpta
808 1510 884 1570 conf.
902 1511 975 1570 Hor.
993 1519 1045 1571 sat
1062 1513 1131 1572 113
1151 1514 1221 1572 298.
1249 1525 1383 1576 ceterum

290 1605 445 1677 peraptum
462 1596 691 1655 adsentantium
706 1603 782 1654 esset
799 1597 906 1654 iridens
923 1595 1004 1656 unde
1021 1598 1112 1657 verbo
1130 1598 1211 1678 quod
1227 1602 1386 1678 praecedit

290 1685 323 1740 in
342 1693 353 1738 t
370 1683 498 1741 litteram
519 1688 647 1740 exeunte
665 1679 805 1739 facillimo
827 1682 860 1739 in
878 1683 1022 1760 scripture
1039 1686 1181 1742 continua
1198 1703 1296 1745 errore
1314 1686 1383 1746 lieri

290 1769 388 1846 potuit
414 1768 532 1824 totidem.
583 1773 671 1844 atque
697 1765 788 1824 babet
812 1765 975 1826 Vaticanus
1003 1767 1085 1825 3452
1114 1768 1206 1829 Gellii
1235 1773 1304 1844 quta
1336 1774 1383 1830 sin

291 1854 402 1910 totidem
420 1871 461 1908 ec.

354 1934 478 1995 XOV3
502 1933 667 1995 adnomen
684 1935 854 1992 Hortensius
874 1953 992 1995 crucem
1010 1934 1142 2015 adposui
1184 1938 1245 1996 vid
1264 1939 1382 2018 proleg.
1470 2001 1471 2024 ,

311 2021 473 2081 ,XLle
633 2067 636 2072 -

289 2041 309 2101 P
352 2105 494 2166 XCVI4
519 2108 552 2164 in
573 2105 702 2184 Hauptii
731 2106 899 2164 coniectura
926 2103 999 2162 Orco
1024 2125 1132 2164 mersas
1159 2127 1230 2167 sane
1258 2109 1380 2187 quidem

289 2191 405 2263 audaci,
432 2199 464 2250 at
485 2189 615 2269 reliquis,
643 2196 786 2268 quotquot
809 2188 906 2248 adbuc
926 2189 1059 2267 prolatae
1081 2199 1158 2264 sunt,
1184 2192 1275 2269 longe
1295 2203 1380 2254 ante·

288 2275 427 2356 ponenda
449 2277 591 2354 optimum
613 2273 686 2333 duxi
708 2273 904 2352 adquiescere.
948 2274 1089 2334 librorum
1116 2279 1291 2356 scripturam
1314 2283 1381 2338 olim

288 2367 391 2419 missas
410 2381 428 2419 s
444 2360 580 2420 Vahleno
597 2359 749 2418 reductam
767 2359 837 2418 ferri
855 2377 941 2438 posse
958 2373 1044 2436 nego.

353 2445 475 2505 XCVII
495 2447 510 2502 1
530 2443 711 2523 parenthesis
728 2447 846 2520 signum
864 2464 882 2502 a
899 2444 1089 2504 Lachmanno
1102 2445 1295 2526 Hauptioque
1313 2469 1379 2508 ver·

288 2530 335 2588 bis
361 2533 403 2586 ita
428 2549 469 2586 me
495 2531 525 2586 di
548 2539 638 2586 arnent
660 2528 826 2607 adpositum
852 2531 964 2590 removi
988 2538 1149 2608 praeeunte
1170 2531 1316 2592 Vahleno.
1335 2565 1378 2576 -

292 2617 309 2674 6
324 2617 440 2690 plorent
460 2617 635 2672 recentiores
653 2613 779 2672 editores
800 2614 934 2693 plerique
953 2613 1113 2674 secundum
1131 2615 1255 2689 Quintil
1273 2619 1291 2676 I
1309 2619 1328 2676 5
1348 2620 1378 2677 8.

284 2697 446 2776 ploauioO
470 2695 615 2774 (pinconio
634 2698 662 2759 G
684 2718 750 2757 cum
772 2698 892 2778 reliquis
913 2706 1027 2758 tantum
1049 2720 1109 2759 non
1131 2699 1290 2778 omnibus),
1318 2723 1380 2782 qua

290 2785 501 2863 depravatione
518 2803 554 2844 ea
568 2782 708 2843 vocabuli
725 2783 820 2842 forma
837 2784 983 2844 indicatur
1000 2803 1089 2863 quam
1102 2785 1209 2852 Festus
1222 2807 1250 2865 p.
1261 2788 1324 2846 230
1334 2789 1375 2849 Μ.

289 2870 419 2950 praebet,
433 2871 586 2946 plostrum.
619 2871 742 2944 ploxeni
755 2868 825 2927 olim
838 2868 937 2945 vulgo,
953 2877 983 2927 et
995 2869 1255 2930 sicLacbmannus
1272 2872 1379 2952 Haup-

288 2958 414 3034 tiusque.
434 2972 476 2996 -·-
494 2955 596 3012 9-12
615 2951 859 3033 praecedentibus
876 2955 1047 3014 continuavi
1065 2974 1131 3014 cum
1150 2955 1297 3034 plerisque
1315 2958 1378 3018 edi-

289 3041 414 3113 toribus3
431 3042 581 3118 separavit
588 3038 627 3098 ab
637 3040 679 3099 eis
687 3046 838 3117 tamquam
846 3037 971 3098 alterum
980 3057 1098 3099 carmen
1108 3039 1379 3120 (LXXXXVHb)

289 3133 442 3210 Hauptius
459 3131 685 3190 Lachmannum
703 3137 827 3190 secutus.

322 3251 323 3256 κ
352 3209 490 3278 XCVIII
518 3220 533 3273 1
563 3217 637 3276 etb
671 3217 746 3275 Vetti
771 3215 890 3274 Statius.
940 3217 1013 3275 Victi
1033 3216 1070 3276 V.
1119 3218 1189 3276 Vitti
1212 3218 1378 3298 Hauptius.

289 3303 365 3362 conf.
384 3303 494 3380 proleg.
507 3299 657 3362 XXXVI.
693 3308 822 3360 ceterum
836 3299 916 3379 apud
931 3299 991 3360 Gis.
1008 3304 1089 3379 epist
1104 3301 1144 3360 ad
1160 3301 1375 3366 Att.1124in

288 3386 390 3446 codice
412 3386 544 3446 Mediceo
567 3405 619 3464 pro
647 3387 755 3444 Vestitu
778 3387 964 3464 conpluriens
985 3385 1095 3462 legitur
1123 3388 1243 3446 Vettius.
1272 3409 1378 3470 aquo

287 3492 349 3531 non
366 3469 490 3529 multum
508 3471 591 3530 abest
607 3470 749 3530 librorum
767 3468 1000 3530 Catullianorum
1019 3470 1190 3549 depravatio
1213 3475 1295 3534 Vasti.

350 3554 495 3615 XCIXS
517 3558 603 3629 partis
631 3555 794 3614 abstersisti
813 3554 903 3615 editio
930 3555 1110 3616 Trincavell.
1133 3555 1267 3631 Avantii,
1294 3559 1376 3638 quod

287 3659 325 3701 ex
343 3639 554 3701 recentioribus
571 3639 769 3701 Baebrsneius
786 3649 817 3700 et
829 3639 982 3700 Vahlenns
999 3643 1063 3701 iure
1079 3650 1260 3720 receperunt
1287 3650 1377 3718 pastis

286 3729 419 3785 ubetersti
435 3724 472 3786 Ο.
512 3728 599 3800 pactis
617 3725 721 3784 ustersi
737 3725 896 3785 Duebuero
913 3725 1019 3784 Ellisio
1037 3727 1173 3786 Bonneto
1191 3727 1315 3788 testibus
1334 3729 1371 3791 G.

286 3813 408 3870 abstersi
426 3814 513 3887 quara
529 3811 568 3870 D.
612 3808 692 3870 unde
718 3812 850 3868 abstersti
873 3814 960 3885 puteis
986 3811 1076 3871 editio
1097 3811 1211 3871 Aldina
1233 3834 1259 3872 a.
1279 3815 1373 3888 1502,

286 3895 504 3970 Lachmannns,
522 3896 691 3973 Hauptius·
715 3895 794 3974 quod
812 3893 920 3956 falsum
938 3915 1001 3956 esse
1018 3916 1110 3973 prava
1128 3916 1204 3974 quae
1222 3899 1264 3957 sie
1282 3901 1376 3960 oritur

286 3982 443 4041 verborum
469 3981 631 4041 conlocatio
655 3979 748 4040 docet.
796 3982 828 4039 in
854 3980 883 4038 D
910 3983 973 4040 sine
999 3979 1089 4040 dubio
1114 3981 1213 4041 hiatus
1240 3984 1377 4046 evitandi·

287 4085 377 4125 causa
401 4067 546 4127 vocabula
571 4073 681 4126 temere
705 4068 891 4145 transposita.
936 4065 1079 4125 absonum
1105 4074 1203 4127 autem
1227 4067 1303 4127 illud
1324 4071 1373 4128 ab·

285 4155 396 4226 stersti,
428 4151 507 4232 quod
536 4154 568 4210 in
590 4149 617 4211 0
640 4149 763 4228 legitur,
796 4169 868 4210 eave
898 4169 936 4210 ne
967 4149 1049 4210 aliud
1079 4171 1141 4212 seso
1171 4160 1256 4230 putes
1283 4173 1374 4232 quam
1468 4161 1469 4170 ’
