2976 5004
156 4245 261 4290 catullino*

563 375 679 430 LIBER

320 496 392 561 talis
409 495 442 560 in
460 497 547 560 vario
564 498 644 562 solet

386 589 491 654 divitis
510 590 629 654 domini
647 590 773 657 hortulo

386 694 469 748 stare
486 685 544 749 flos
561 684 795 769 hyacinthinus.

321 775 379 841 sed
396 777 538 853 moreris,
556 777 621 841 abit
640 778 721 843 dies:

384 869 528 954 prodeas,
546 892 630 935 nova
646 883 755 957 nupta.

320 1037 466 1123 prodeas,
483 1060 568 1104 nova
584 1051 694 1125 nupta,
713 1042 740 1106 si

384 1131 446 1196 iam
465 1131 600 1209 videtur,
618 1145 650 1198 et
668 1134 779 1200 audias

384 1237 492 1290 nostre
510 1227 617 1291 verba.
661 1228 734 1292 vide
752 1239 787 1294 ut
804 1229 891 1296 feces

320 1341 433 1384 aureas
451 1320 598 1402 quatiunt
614 1323 740 1385 comas?

386 1413 530 1498 prodeas,
548 1435 632 1478 nove
647 1424 757 1501 nupta.

320 1604 385 1646 non
403 1594 475 1647 tuus
494 1583 571 1648 levis
589 1584 621 1647 in
639 1585 723 1650 mala

343 1685 347 1718 ³
385 1676 509 1741 deditus
527 1677 575 1741 vir
592 1677 735 1743 adultera

384 1770 500 1855 probra
518 1771 623 1856 turpia
641 1793 834 1856 persequens

320 1885 341 1927 a
357 1862 420 1927 tuis
438 1863 552 1928 teneris
571 1865 656 1929 volet

384 1956 536 2021 secubare
553 1957 689 2041 papillis,

319 2125 406 2190 lente
423 2125 500 2209 quin
518 2125 606 2193 velut
623 2126 740 2190 adsitas

384 2218 457 2283 vitis
474 2219 604 2303 inplicat
622 2220 762 2298 arbores,

382 2314 586 2400 inpliccbitur
602 2315 636 2379 in
653 2327 742 2379 tuum

318 2409 518 2494 conplexum.
563 2408 619 2474 sed
637 2407 703 2473 abit
720 2409 803 2474 dics:

382 2501 527 2587 prodeas,
544 2523 628 2568 nove
645 2513 754 2588 nupta.

319 2691 414 2754 quem
431 2682 537 2737 tamen
554 2673 657 2758 magis
675 2673 806 2738 audiens

382 3044 517 3111 candido
535 3045 617 3130 pede
634 3044 717 3123 lecti,

318 3237 400 3300 quae
418 3225 472 3280 tuo
489 3215 620 3282 veniunt
639 3237 702 3292 ero,

382 3319 501 3392 quante
517 3309 646 3394 gaudie,
664 3330 746 3393 qnae
765 3331 849 3395 vege

380 3414 483 3478 nocte,
501 3424 584 3487 quae
601 3403 706 3467 medio
729 3403 780 3468 die

317 3495 470 3582 gaudenti
493 3496 550 3560 sed
567 3497 635 3560 abit
651 3497 733 3560 dies:

382 3589 527 3675 prodeae,
544 3610 629 3653 nova
646 3600 754 3674 nupta.

317 3769 425 3845 tollite,
443 3790 463 3832 c
480 3769 582 3853 pueri,
599 3768 700 3833 facee:

380 3863 563 3927 flammeum
581 3862 672 3927 video
690 3861 808 3927 venire.

380 3956 434 4031 ite,
453 3956 608 4021 concinite
624 3957 657 4020 in
674 3955 805 4020 modum

319 4056 355 4114 ‘o
372 4053 501 4136 Hymen
520 4051 707 4135 Hymenaee
724 4050 766 4126 io,

382 4165 401 4206 0
418 4145 549 4229 Hymen
568 4141 775 4230 Hymenaee?

939 4241 958 4302 3
