2954 4990
265 323 306 363 Lx
703 317 931 362 Psomeomnta

265 447 300 499 ut
320 436 432 498 nodum
454 435 614 515 expediret,
641 435 824 517 adprobante
846 437 979 516 Hauptio
1001 439 1034 496 in
1056 437 1276 518 quaestionibus
1301 438 1382 500 Ca-

267 524 407 596 tullianis,
431 542 529 602 opusc.
547 522 573 595 I,
596 540 624 599 p.
646 524 694 594 12,
716 522 933 602 Hieronymum
959 524 1083 582 coniecit
1104 525 1230 602 primum
1251 526 1285 583 in
1307 524 1380 586 de-

267 608 398 670 finiendo
417 607 528 668 Catulli
545 626 624 666 anno
638 607 733 665 natali
749 607 880 667 confusis
898 606 1013 666 duobus
1025 609 1225 668 consulatibus
1243 628 1379 672 errasse

266 697 309 754 ita
330 702 372 766 ut,
395 714 462 753 cum
483 699 572 772 poeta
594 690 649 751 Cn.
668 691 793 752 Octavio
811 693 852 752 M.
870 692 891 750 f.
910 691 943 751 C.
962 691 1117 752 Scribonio
1136 693 1265 753 Curione
1287 715 1378 754 con-

266 779 388 850 sulibus,
411 779 439 837 h.
464 796 488 836 e.
506 797 533 837 a.
553 771 668 853 678176
692 780 810 853 genitus
833 783 917 850 esset,
941 776 1071 837 natalem
1096 782 1161 837 eius
1182 798 1297 838 annum
1318 780 1379 839 ad

266 864 452 925 consulatum
478 860 532 920 Cn.
556 859 676 920 Octavii
703 860 758 920 Cn.
779 861 801 920 f.
823 869 853 921 et
873 862 909 919 L.
932 861 1063 921 Cornelii
1084 861 1207 936 Cinnae,
1233 866 1287 943 qui
1313 873 1378 925 est

266 969 363 1013 annus
382 944 506 1025 667187,
524 946 658 1020 referret3
682 944 799 1020 deinde,
821 953 855 1005 ut
872 954 1047 1023 congrueret
1064 947 1199 1008 Suetonii
1214 953 1377 1025 narratio,

265 1042 389 1094 mortem
412 1030 522 1092 Catulli
547 1031 585 1090 ab
612 1050 690 1090 anno
715 1027 828 1109 708146
851 1030 891 1090 ad
915 1051 1027 1091 annum
1049 1028 1164 1110 697157
1185 1037 1375 1095 removisse.

265 1139 369 1180 verum
386 1118 460 1178 haec
481 1118 649 1176 coniectura
669 1114 752 1175 nullo
774 1115 862 1176 modo
884 1116 1004 1194 probari
1024 1123 1128 1196 potest
1163 1138 1233 1177 nam
1255 1120 1280 1177 si
1300 1117 1374 1178 Ca-

265 1205 356 1265 tullus
373 1223 452 1263 anno
470 1200 587 1262 demum
606 1195 720 1277 678176
743 1209 831 1260 natus
852 1208 936 1274 esset,
960 1199 1096 1262 Clodiam
1113 1202 1373 1281 quadrantariam

265 1307 339 1369 puer
356 1288 524 1369 quindecim
542 1306 687 1345 annorum
703 1285 828 1362 diligere
843 1287 1014 1365 incepisset,
1037 1289 1144 1347 amoris
1166 1290 1246 1347 euim
1266 1288 1374 1348 buius

264 1378 352 1434 initIa
369 1378 402 1432 iu
420 1393 530 1432 anuum
548 1369 662 1446 693161
681 1370 813 1431 incidere
831 1391 920 1450 supra
938 1369 1151 1432 demonstrasse
1168 1373 1255 1432 nobis
1272 1373 1371 1434 vide·

264 1481 338 1519 mur.
370 1461 417 1519 oui
433 1458 573 1536 temporis
590 1455 759 1514 definitioni
776 1461 801 1515 si
818 1461 884 1535 quis
902 1455 978 1515 nolit
994 1454 1084 1516 fidem
1100 1456 1217 1530 habere,
1237 1465 1269 1516 at
1285 1479 1371 1518 con-

265 1543 351 1605 cedat
368 1550 483 1622 oportet
496 1540 609 1601 Catulli
626 1559 693 1599 cum
708 1544 766 1599 ista
778 1542 901 1601 muliere
914 1540 1017 1601 foedus
1030 1549 1100 1602 ante
1112 1562 1223 1602 annum
1238 1538 1371 1621 695159

264 1631 372 1688 initum
389 1646 461 1700 esse,
480 1629 590 1706 quippe
606 1645 664 1704 quo
682 1628 804 1685 maritus
822 1629 885 1684 eius
904 1623 940 1699 Q.
958 1626 1097 1686 Metellus
1115 1627 1201 1687 Celer
1219 1630 1258 1686 sit
1278 1648 1371 1688 mor-

264 1722 342 1773 tuus.
377 1716 448 1771 vivo
475 1715 556 1771 enim
582 1729 617 1770 cc
647 1718 765 1789 poetam
794 1731 861 1770 cum
887 1710 992 1770 Clodia
1021 1714 1081 1770 iam
1111 1711 1367 1774 consuetudinem

264 1799 404 1858 habuisse
425 1804 547 1858 constat.
584 1805 662 1856 carte
687 1797 779 1872 igitur
801 1795 944 1869 Catullus,
971 1799 996 1854 si
1017 1795 1203 1856 Lachmanni
1224 1800 1370 1860 rationes

264 1882 436 1962 probantur,
453 1880 585 1941 nondum
603 1879 811 1960 septemdecim
823 1901 918 1940 annos
934 1887 1021 1940 natus
1036 1889 1107 1955 erat,
1125 1901 1192 1941 cum
1206 1880 1367 1959 Clodiam,

264 1968 418 2028 mulierem
440 1975 502 2028 tum
523 1970 649 2044 trigima
670 1970 802 2046 quinque
823 1965 873 2026 vel
893 1967 1017 2043 trigInta
1038 1974 1178 2045 quattuor
1198 1987 1363 2044 annorum,

264 2062 378 2114 amaret
393 2053 431 2114 ab
450 2070 544 2133 eaque
560 2060 662 2111 eontra
679 2060 834 2124 amaretur,
852 2053 894 2109 ita
907 2059 941 2109 ut
953 2050 1119 2111 differentia
1132 2055 1211 2112 inter
1226 2060 1363 2113 sautem

263 2143 416 2219 utriusque
437 2147 514 2199 essct
539 2136 727 2214 undeviginti
748 2139 798 2196 vel
824 2134 1030 2212 duodeviginti
1051 2153 1203 2196 annornm.
1237 2136 1271 2196 id
1291 2157 1364 2198 non

264 2223 438 2284 incredibile
455 2227 553 2282 visum
575 2230 621 2281 est
635 2222 782 2301 Hauptio,
805 2228 839 2280 ιιι
855 2240 872 2280 e
888 2219 958 2280 libri
975 2239 1064 2299 quem
1082 2220 1268 2281 Christianus
1286 2223 1363 2283 Bel·
1434 2269 1440 2284 .

264 2328 353 2386 garns
376 2307 413 2368 de
431 2328 465 2368 eo
487 2310 604 2385 scripsit
624 2327 652 2385 p.
673 2308 734 2365 245
757 2308 941 2385 perspicitur,
963 2323 1060 2384 neque
1081 2313 1126 2366 est
1146 2306 1278 2385 proiecto
1299 2328 1365 2387 per

264 2413 295 2452 se
317 2412 435 2472 prorsus
457 2391 644 2463 Incredibile,
668 2410 845 2471 quamquam
863 2390 949 2450 homo
970 2393 1024 2450 vix
1044 2393 1201 2469 pueritiam
1219 2410 1363 2468 egressus

264 2477 380 2536 facilius
398 2477 503 2536 ardore
518 2476 649 2536 mulieris
670 2484 802 2536 maturae
819 2483 908 2555 atque
925 2475 992 2555 plus
1009 2495 1098 2554 quam
1115 2480 1290 2537 tricenariae
1306 2482 1361 2539 in-

264 2561 351 2622 cendi
369 2581 458 2642 quam
474 2580 603 2622 amoram
620 2561 707 2620 huius
725 2563 818 2639 ipsius
836 2561 953 2621 sibimet
970 2561 1127 2621 conciliare
1148 2565 1285 2642 potuerit.
1322 2571 1361 2624 at

263 2647 352 2728 plane
371 2646 507 2727 equidem
524 2665 602 2723 nego
620 2666 643 2705 c.
661 2646 799 2706 LXVIII
819 2647 858 2705 ab
880 2645 1101 2706 adulescentulo
1123 2650 1176 2706 via
1199 2645 1300 2708 decem
1325 2657 1360 2710 et
1473 2662 1474 2685 ¹

264 2740 375 2813 septem
394 2751 538 2792 annorum
555 2733 695 2810 scriptum
714 2750 785 2791 esse.
822 2731 898 2791 conf.
916 2751 945 2810 p.
961 2730 1079 2791 XXIV.
1098 2739 1143 2790 est
1164 2739 1262 2792 antem
1279 2733 1360 2794 haec
1472 2733 1473 2739 ’

241 2809 361 2895 'elegia
385 2821 507 2877 vivente
532 2819 657 2893 coniuge
680 2815 811 2890 Clodiae,
838 2817 866 2874 h.
889 2835 914 2875 e.
936 2815 1102 2875 tardissime
1124 2819 1247 2877 ineunte
1272 2837 1359 2878 anno

265 2899 389 2980 695159,
416 2904 575 2982 conposita.
612 2901 720 2962 deinde
742 2921 766 2962 c.
789 2901 858 2975 LII,
886 2920 944 2980 quo
966 2900 1176 2961 Lachmanuus
1201 2910 1359 2983 tamquam

263 2988 456 3048 fundamento
474 2992 660 3048 coniecturae
678 3007 748 3048 suae
765 3007 836 3047 usus
853 2993 924 3057 erat,
943 3005 1012 3055 non,
1030 2994 1064 3045 ut
1079 2995 1143 3046 tum
1159 2987 1250 3064 vulgo
1269 2996 1358 3066 puta·

263 3073 359 3149 batur,
368 3074 490 3134 Vatinio
500 3075 629 3148 consule,
638 3073 666 3132 h.
676 3092 701 3132 e.
712 3074 794 3132 exitu
804 3073 875 3132 anni
885 3064 1008 3149 707147,
1019 3070 1070 3130 sed
1079 3074 1139 3131 iam
1148 3092 1226 3130 anno
1237 3069 1356 3148 700154

264 3158 415 3219 conditum
432 3178 495 3218 esse
513 3179 602 3238 supra
619 3160 814 3237 exposuimus.
846 3154 935 3236 idque
951 3158 995 3214 ita
1011 3174 1075 3217 esse
1091 3155 1244 3235 postmodo
1261 3159 1357 3218 etiam

263 3241 413 3321 Hauptius
431 3247 574 3303 concessit
591 3241 679 3318 (conf.
694 3263 771 3322 quae
787 3241 826 3301 ad
843 3242 1049 3321 opusculorum
1067 3242 1129 3300 eius
1143 3241 1202 3301 vol.
1215 3243 1241 3316 I,
1254 3261 1282 3320 p.
1297 3242 1353 3302 9s.

263 3325 419 3385 adnotavit
440 3325 555 3402 editor),
578 3327 726 3388 sedidem
747 3327 798 3388 vel
819 3329 862 3386 sic
884 3326 1145 3387 Lachmannianae
1166 3330 1357 3388 coniecturae

263 3429 348 3469 suam
372 3428 491 3470 manere
516 3411 755 3490 probabilitatem
781 3411 934 3472 contendit
958 3418 1113 3490 propterea
1134 3411 1215 3492 quod
1240 3412 1355 3492 alioqui

264 3494 374 3575 duplex
396 3495 576 3575 Hieronymi
597 3505 627 3556 et
651 3499 684 3556 in
710 3517 789 3556 auno
816 3496 909 3556 natali
934 3505 1039 3577 poetae
1061 3505 1091 3556 et
1111 3499 1144 3556 in
1165 3496 1250 3557 fatali
1271 3515 1357 3557 error

262 3580 406 3662 explicari
422 3600 484 3640 non
500 3588 605 3660 posset.
640 3601 743 3641 verum
760 3583 786 3641 si
803 3590 927 3641 noverat
943 3581 1183 3660 chronographus
1201 3582 1355 3642 Catullum

262 3675 386 3727 mortem
403 3665 499 3725 obisse
517 3686 596 3726 anno
613 3670 719 3726 aetatIs
735 3668 896 3741 tricesimo,
920 3667 1044 3726 alterum
1061 3669 1125 3727 eius
1141 3675 1295 3747 peccatum
1311 3687 1353 3727 ax

262 3751 354 3812 altero
380 3771 501 3812 manare
524 3758 755 3812 consentaneum
781 3759 851 3812 erat.
886 3752 989 3813 videor
1010 3759 1108 3812 autam
1133 3753 1207 3812 mihi
1232 3771 1353 3812 causam

261 3840 367 3897 erroris
392 3840 524 3898 universi
549 3840 742 3917 perspexisse.
777 3837 995 3917 Hieronymum
1022 3844 1151 3910 constat,
1177 3837 1230 3898 ubi
1255 3844 1353 3898 cartas
1451 3883 1452 3897 ι

260 3927 424 4001 temporum
442 3926 608 3983 notationes
626 3922 706 4002 apud
722 3925 820 4001 ipsum
837 3923 1011 3983 Suetonium
1028 3943 1089 3982 non
1106 3924 1276 3994 invenisset,
1299 3941 1351 3983 eas

261 4023 300 4064 ax
320 4007 408 4067 rebus
429 4006 467 4068 ab
488 4008 540 4069 illo
562 4007 678 4068 traditis
705 4009 886 4068 coniecturas
913 4027 1000 4088 saepe
1022 4008 1186 4068 levissimas
1211 4006 1349 4067 faciendo

261 4091 507 4174 conputandoque
523 4093 647 4174 adsequi
664 4093 783 4153 solitum
800 4111 872 4169 esse,
891 4113 950 4174 qna
968 4093 1004 4153 de
1021 4111 1054 4153 re
1076 4091 1152 4154 conf.
1170 4091 1352 4154 Ritschelius
