2968 4990
500 383 677 428 ADNOTATIO
700 385 824 427 01³1ch
1091 384 1207 434 omui

119 502 360 582 depravationem
391 501 496 580 plenae
527 502 639 563 formae
669 505 702 562 in
732 503 853 583 reliquis
884 503 967 565 libris
993 505 1089 580 magis
1116 506 1207 564 etiam

119 607 205 648 corru
226 595 295 645 tae„

185 607 228 730 Oli
247 674 264 729 7
288 675 393 730 interca
414 672 481 729 llaec
499 670 535 732 0.
575 676 679 732 interea
700 675 750 732 loc
769 674 798 736 G
820 694 886 732 cnm
906 673 1027 752 reliquis
1049 673 1207 752 plerisque.

119 760 226 815 interea
242 757 281 829 D,
299 757 509 816 Lachmannus
526 758 744 838 Hauptiueque.
784 766 913 818 ceterum
932 758 969 818 de
986 761 1018 817 vi
1036 777 1112 838 quae
1128 761 1210 818 inest

118 844 152 902 in
170 841 311 901 adverbio
329 845 435 900 interea
452 841 529 902 coni.
547 843 686 902 Handius
704 843 831 903 Tursell.
849 844 901 902 ΠΙ
919 845 980 901 416
991 865 1013 903 s.

185 926 273 986 (ΝΠ
299 926 317 984 5
349 934 416 1005 post
447 929 604 1003 insperanti
632 931 806 1006 interpunni
836 949 903 987 cum
929 928 1049 988 Klotzio
1077 922 1206 1001 (emend.

120 1009 228 1072 Catull.
246 1008 347 1085 VIII).
391 1031 496 1089 parum
522 1015 602 1072 enim
628 1013 781 1091 probabile
806 1021 851 1072 est
873 1012 1024 1072 Catullum
1050 1017 1212 1089 insperanti

119 1098 198 1154 nobis
216 1096 334 1154 dixisse.
375 1096 427 1156 sed
449 1098 537 1156 etiam
559 1100 583 1156 si
606 1097 671 1157 fieri
693 1098 724 1156 id
746 1100 875 1176 potuisse
897 1097 1049 1172 concedas,
1073 1100 1207 1158 insuavis

119 1188 165 1241 est
182 1183 315 1259 repetitio
337 1181 493 1240 verborum
516 1185 638 1240 restituis
657 1185 756 1258 capide
778 1202 838 1242 non
856 1183 1015 1242 accedente
1032 1182 1071 1241 ad
1093 1202 1129 1242 ea
1146 1184 1211 1242 alia.

120 1267 248 1338 notione,
267 1265 385 1344 qualem
400 1269 556 1342 insperanti
567 1267 695 1345 praebet
730 1267 821 1347 idque
835 1287 900 1326 cum
914 1270 1093 1346 praegressis
1106 1269 1209 1328 verbis

120 1350 361 1426 coniungendam
382 1370 446 1411 esse
472 1355 641 1430 conparatio
663 1372 781 1431 quoque
806 1353 894 1412 huius
914 1353 972 1411 loci
995 1373 1062 1411 cum
1084 1352 1207 1412 exordio

120 1438 259 1495 carminis
286 1435 378 1496 docet
431 1435 558 1516 denique
585 1440 650 1512 ipsc
674 1457 837 1517 pmnomen
862 1437 929 1515 plus
951 1437 1041 1497 habet
1065 1437 1210 1516 ponderis

119 1522 207 1580 initio
232 1523 304 1580 novi
330 1521 454 1580 membri
480 1521 671 1581 conlocatum.
715 1525 779 1582 sine
805 1521 993 1582 distinctione
1020 1525 1210 1584 continuavit

120 1607 281 1665 orationem
298 1605 448 1683 Hauptius
467 1625 534 1664 cum
550 1606 751 1666 Lachmanno.

185 1689 290 1750 CVIII
309 1693 325 1747 1
353 1690 396 1763 Si,
415 1691 530 1764 Comini,
553 1695 655 1767 papali
675 1695 791 1750 arbitrio
815 1702 864 1750 tua
886 1691 1005 1764 Statius,
1031 1691 1112 1770 qaod
1138 1712 1207 1750 cum

118 1773 268 1854 plerisque
285 1776 345 1834 iam
361 1775 514 1836 Vablcnus
531 1778 649 1855 recepit.
692 1776 741 1836 Sic
757 1779 858 1835 bomini
869 1780 1007 1854 populosi
1022 1779 1138 1836 arbitrio
1156 1787 1210 1835 taa-

119 1859 157 1918 V.
201 1859 236 1918 St
252 1859 359 1918 Comini
378 1862 494 1920 arbitrio
512 1864 650 1938 populari
670 1861 766 1922 deleto
787 1872 837 1919 tau
854 1863 1027 1940 pronomine
1043 1860 1204 1937 Guarinus,

120 1963 209 2024 quem
224 1945 434 2005 Lachmannus
451 1947 660 2026 Hauptiusqne
678 1947 770 2006 secuti
787 1954 864 2004 sunt.

126 2067 129 2076 ·
185 2028 243 2088 ΟΧ
257 2031 275 2088 3
294 2041 333 2102 tn,
344 2033 501 2106 praecisisti
512 2033 577 2088 milri
589 2033 664 2106 qaod
675 2035 788 2090 mentita
797 2031 905 2090 Munro
915 2033 977 2090 crit
989 2032 1060 2090 218.
1086 2041 1116 2090 ta
1130 2035 1211 2106 qaod

115 2118 274 2190 promisisti
285 2116 350 2172 milri
362 2117 437 2190 qaod
448 2118 561 2174 mentita
568 2116 605 2176 V.
632 2127 672 2188 tu,
687 2118 763 2190 qaod
771 2118 902 2192 promisti
912 2116 987 2187 anilii,
1001 2117 1076 2190 qaod
1091 2120 1207 2180 mentitu

120 2219 189 2258 cum
209 2199 295 2260 Italis
312 2199 531 2260 Lachmannus.
575 2210 615 2273 ta,
643 2203 718 2276 quod
737 2203 878 2276 promisti,
905 2202 970 2258 milti
992 2203 1067 2275 qnod
1090 2205 1209 2260 rnemita

117 2291 187 2363 post
207 2284 406 2344 Passeratium
429 2285 587 2364 Hauptius.
631 2284 684 2345 sed
705 2288 780 2360 qaod
795 2289 907 2344 mentita
923 2289 977 2365 p'ro
996 2288 1071 2360 qaod
1090 2290 1204 2346 mentita

120 2389 150 2426 es
168 2369 278 2428 dixisse
301 2368 451 2429 Catullum
471 2389 577 2449 parum
595 2370 744 2430 credibile.
767 2402 809 2412 —
833 2371 850 2427 7
871 2372 1034 2444 fraudando
1136 2375 1209 2447 plus

120 2472 159 2512 ex
183 2455 212 2513 D
238 2453 460 2528 Lachmannus,
491 2475 579 2535 quem
603 2456 753 2535 Hauptius
779 2462 895 2516 secutus
921 2463 972 2516 est.
1023 2475 1121 2536 neque
1146 2476 1208 2534 ego

119 2541 278 2618 quicquam
295 2541 424 2600 inserere
440 2540 529 2600 volui.
567 2542 729 2615 fraudando
747 2543 831 2614 eflicit
844 2545 913 2617 plus
931 2542 968 2615 V,
986 2541 1067 2602 unde
1084 2545 1205 2616 officiaris-

119 2623 281 2697 Mamilius,
303 2626 402 2697 officiis
419 2625 574 2703 Bergkins.
616 2628 779 2699 sruudamlo
800 2629 882 2684 minuo
895 2630 964 2703 plus
981 2626 1142 2688 Vahlenus.
1160 2659 1207 2670 --

119 2718 252 2767 acaraest
268 2711 380 2787 scripsi.
414 2731 519 2769 accras
535 2711 695 2790 Hauptius.
732 2712 856 2771 verbum
873 2711 1089 2772 substantivum
1105 2715 1138 2772 in
1156 2732 1208 2773 ca

120 2792 236 2852 dicibus
253 2794 391 2852 omissum
407 2797 518 2873 primus
535 2795 651 2855 addidit
668 2796 854 2874 Calpurnius.

185 2877 259 2936 OXI
278 2881 293 2935 1
317 2881 471 2936 contentam
490 2881 519 2940 V
540 2879 707 2956 (coatiptam
729 2880 778 2956 Ο),
806 2880 886 2961 quod
905 2880 1059 2942 Vahlenus
1084 2901 1207 2961 quoqne

118 2965 278 3022 revocavit
331 2974 472 3022 contentas
495 2964 705 3025 Lachmannus
730 2966 940 3044 Hauptiusque
969 2983 1008 3024 ox
1033 2969 1202 3026 coniectura

119 3046 271 3125 Scaligeri.
293 3079 336 3090 -
361 3048 506 3124 4parere
525 3049 620 3108 Italus
642 3049 758 3130 aliquis,
781 3070 838 3130 quo
861 3069 983 3109 mancus
1004 3052 1037 3110 in
1053 3051 1083 3110 V
1100 3070 1206 3112 versus

118 3132 266 3212 probabili
291 3132 378 3192 modo
402 3136 573 3194 restituitur.
615 3137 711 3213 potuit
732 3137 815 3195 enim'
833 3133 866 3192 id
886 3133 1010 3194 verbum
1033 3142 1063 3194 et
1082 3145 1207 3216 propter

118 3236 222 3276 vocem
243 3228 349 3294 patruo
375 3220 509 3297 proxime
534 3219 756 3280 antecedentem
778 3227 808 3279 et
829 3219 866 3279 ob
890 3219 1015 3279 similem
1037 3226 1204 3299 praegressi

118 3321 221 3363 versus
251 3305 363 3363 exitum
393 3303 535 3382 perfacile
560 3304 703 3365 excidere.
753 3304 964 3364 Lachmannus
989 3304 1205 3386 Hauptiusque

120 3388 250 3448 codicem
273 3388 304 3446 D
321 3389 414 3448 secuti
439 3391 517 3450 inter
537 3389 683 3449 vocabula
701 3391 810 3462 fratres
832 3397 863 3450 et
884 3410 917 3447 aa
940 3399 1045 3465 patrae
1063 3391 1203 3452 lacunam

122 3473 335 3532 indicaverunt.

182 3557 273 3617 CXII
292 3553 308 3616 l
328 3578 414 3633 usqae
430 3558 466 3619 V.
511 3578 560 3617 nec
581 3559 790 3618 Lachmannns
811 3559 1020 3638 Hauptiusque
1041 3579 1080 3621 cx
1101 3562 1139 3621 D.
1158 3593 1205 3604 -·

120 3639 295 3701 idesoendit
308 3643 345 3703 V.
380 3654 407 3702 te
424 3645 524 3702 smrsdit
536 3644 686 3723 Hauptius
699 3644 784 3704 male
819 3646 936 3717 etenim,
955 3654 988 3703 ut
1005 3644 1205 3719 aliataceam,

119 3746 153 3787 eo
178 3727 265 3787 modo
290 3729 398 3787 mirum
423 3736 566 3807 quantum
591 3729 764 3806 infringitur
783 3731 829 3788 vis
851 3730 1071 3807 epigrammatis
1095 3733 1128 3789 in
1149 3750 1201 3790 ex·

118 3820 212 3872 meme
232 3831 305 3872 voce
323 3815 455 3888 pathicus
474 3816 578 3892 posita
622 3813 700 3894 quod
722 3813 842 3893 quidem
863 3814 1002 3893 probrum
1024 3813 1147 3894 adparet
1165 3835 1201 3874 eo

119 3897 252 3956 acerbius
274 3916 337 3957 esse
359 3917 416 3978 quo
433 3900 533 3975 ,magis
554 3907 671 3978 praeter
692 3901 926 3977 expectationem
946 3901 979 3958 in
1001 3898 1061 3960 fin'e
1081 3899 1205 3960 demum

118 3982 236 4041 distichi
262 3982 395 4042 obicitur.
439 3985 539 4064 itaque
564 4002 602 4043 ne
628 3986 670 4043 eis
696 3983 816 4064 quidem
842 3983 984 4043 adsentiri
1008 4004 1127 4063 possum
1149 3989 1200 4065 qui

119 4067 262 4146 scriptura
286 4067 427 4127 librorum
454 4077 570 4130 servata
596 4070 735 4128 descendit
761 4076 792 4129 et
816 4071 915 4147 ipsum
938 4069 1064 4130 obscene
1090 4070 1203 4130 dictum

119 4170 182 4212 esse
199 4159 313 4230 putent
353 4153 514 4214 obscuritas
532 4155 670 4214 carminis
686 4153 757 4214 inde
774 4155 957 4232 potissimum
975 4157 1104 4216 nascitur
1121 4155 1206 4236 qnod
