2954 4990
310 401 408 444 axvm
744 398 971 440 PROIAEIGOIOENA

311 519 509 598 Euphorionis
539 515 621 578 haud
651 515 741 577 dubie
770 516 984 594 intelleguntur
1012 536 1073 576 nou
1101 519 1153 596 qui
1177 517 1409 597 Euphorionem

312 605 414 676 solum,
438 603 490 664 sed
507 603 559 683 qui
576 622 637 662 una
654 621 721 662 cum
736 601 794 660 hoc
814 605 904 661 etiam
925 601 1055 681 reliquos
1076 611 1179 681 poetas
1202 604 1265 662 eius
1288 603 1408 664 similes
1469 633 1470 640 ι

311 692 477 748 imitatione
507 690 712 766 expresserint.
749 686 861 746 scilicet
891 686 1117 746 Chalcidensem
1145 694 1264 766 poetam
1294 685 1408 748 Cicero

312 774 480 854 exemplum
496 773 608 852 profert
625 770 791 831 adfectatae
805 771 956 831 doctrinae
969 773 1221 852 obscuritatisque,
1239 792 1301 851 qua
1313 772 1409 852 pleri·
1442 843 1446 856 Ι

313 879 370 940 que
401 866 507 938 poetae
536 859 642 916 aetatis
666 855 892 916 Alexandrinae
921 856 1110 930 laborabant,
1141 860 1323 936 opponitque
1354 857 1409 917 hio

311 945 421 1016 Ennio,
440 946 516 1002 sicut
532 940 659 1001 eundem
672 941 802 1001 Homero
816 945 953 1020 opposuit
964 944 997 1000 in
1014 941 1090 1001 libro
1104 940 1141 1001 de
1154 941 1278 1000 divinat.
1307 941 1407 1001 altero

312 1028 330 1101 ᾗ
351 1029 419 1086 132.
438 1025 541 1088 eodem
557 1030 591 1086 in
607 1030 778 1086 uuiversum
795 1025 883 1085 modo
905 1029 965 1085 iam
982 1026 1034 1086 elii
1055 1026 1151 1085 locum
1170 1025 1407 1087 Ciceronianam
1469 1023 1470 1058 ³

312 1120 496 1191 acceperunt,
515 1119 549 1170 ut
564 1111 725 1172 Merkelins
743 1111 782 1170 ad
799 1111 868 1171 Ibin
885 1131 913 1190 p.
929 1111 999 1170 356.
1017 1113 1117 1190 itaque
1135 1114 1223 1171 etiam
1241 1113 1268 1170 si
1283 1112 1407 1171 nullum

311 1201 344 1256 in
362 1197 481 1258 Catullo
494 1196 721 1276 Euphorioneae
738 1198 910 1256 imitationis
928 1199 1087 1273 vestigium
1104 1195 1403 1275 deprehenderemus,
1469 1215 1470 1234 ι

310 1292 410 1343 tamen
426 1301 465 1342 ne
482 1282 561 1342 huuc
574 1281 695 1361 quidem
710 1302 772 1341 nou
785 1302 804 1340 a
818 1280 962 1340 Cicerone
975 1281 1136 1359 significari
1154 1284 1404 1342 existimaremus.

310 1388 407 1448 neque
424 1387 494 1427 vero
513 1367 596 1426 obest
613 1375 730 1426 nostrae
748 1367 911 1426 sententiae
929 1366 1009 1445 quod
1026 1374 1114 1445 poete
1129 1366 1311 1426 Veronensis
1329 1375 1404 1440 tum,

311 1475 377 1513 cum
394 1453 497 1513 Cicero
515 1455 572 1512 ista
589 1452 681 1512 verba
698 1452 845 1524 scriberet,
863 1453 924 1509 iam
941 1450 979 1510 de
995 1455 1058 1510 vita
1076 1450 1245 1512 decesserat.
1282 1471 1355 1510 nam
1373 1461 1405 1511 et

310 1537 448 1597 hocloco
467 1545 496 1596 et
514 1535 629 1596 duobus
642 1536 764 1615 reliquis
777 1556 850 1615 quos
868 1543 956 1595 antea
974 1537 1133 1609 attulimus,
1152 1537 1203 1616 qui
1217 1543 1246 1595 et
1259 1538 1320 1615 ipsi
1337 1545 1404 1615 post
1469 1605 1470 1622 ρ

311 1630 435 1682 mortem
448 1620 561 1681 Catulli
577 1623 679 1699 scripti
696 1628 772 1694 sunt,
791 1620 895 1681 Cicero
913 1628 1004 1680 totam
1021 1624 1110 1680 istam
1127 1629 1279 1699 poetarum
1292 1641 1403 1700 aequa·
1469 1623 1470 1688 ζ

311 1707 385 1766 lium
411 1705 569 1764 factionem
593 1707 780 1784 inpuguavit,
808 1708 891 1764 cuius
913 1708 1079 1766 communia
1105 1714 1135 1765 et
1160 1709 1280 1784 propria
1301 1716 1402 1766 essent

311 1792 423 1871 placita
448 1809 542 1869 eaque
567 1789 606 1850 ab
633 1792 832 1870 antiquiorum
856 1798 1009 1870 poetarum
1034 1791 1222 1863 Latinorum,
1248 1810 1324 1870 quos
1351 1792 1402 1851 ille
1469 1789 1470 1820 v

312 1875 521 1948 admirabatur,
540 1877 655 1936 ratione
672 1876 761 1952 longe
779 1875 904 1935 diversa.
940 1883 1069 1936 ceterum
1085 1876 1119 1934 in
1131 1875 1242 1954 epyllio
1257 1874 1295 1934 de
1308 1875 1401 1936 Peleo

312 1969 343 2021 et
363 1960 492 2020 Thetide
512 1979 630 2019 versum
653 1962 694 2019 30
719 1961 914 2035 Oceanusque,
940 1963 1014 2018 mari
1040 1971 1124 2019 totum
1150 1963 1198 2034 qui
1222 1963 1402 2036 amplectitur

312 2049 404 2105 orbem
417 2045 597 2106 simillimum
615 2065 678 2105 csse
691 2046 893 2124 Euphorionei
908 2039 1056 2116 Ὠκεανός,
1073 2047 1114 2118 τῷ
1126 2047 1211 2102 πᾶσα
1228 2041 1401 2122 περίρρυτος
1469 2095 1470 2114 ,

312 2127 457 2190 ἐνδέδεται
482 2126 561 2208 χθών
585 2127 633 2204 (fr.
657 2130 789 2191 CLVIII
810 2129 865 2207 M.)
887 2133 946 2189 iam
972 2131 1024 2189 alii
1050 2129 1276 2204 adnotaverunt,
1304 2150 1403 2210 neque

313 2217 480 2276 dubitamus
498 2220 572 2296 quiu
588 2218 666 2275 inter
682 2220 767 2295 epica
788 2223 894 2294 poetae
912 2213 1115 2275 Chalcidensis
1136 2218 1270 2274 carmina
1290 2214 1403 2275 fuerint
1469 2255 1470 2300 ,

313 2302 419 2381 quibus
434 2301 569 2363 Catullus
586 2303 618 2359 in
636 2303 804 2360 narratione
817 2301 854 2360 de
865 2300 1002 2359 Ariadna
1014 2303 1201 2380 potissimum
1217 2301 1404 2380 pertexeuda
1469 2307 1470 2382 j

312 2389 358 2445 uti
374 2393 480 2464 posset,
503 2381 665 2458 Μοψοπίαν
684 2385 806 2446 dicimus
824 2394 854 2445 et
870 2381 1011 2444 Διόνυσον
1031 2394 1060 2445 et
1077 2381 1217 2460 Γέραεοε,
1236 2387 1321 2444 cuius
1339 2389 1405 2466 qui-
1469 2383 1470 2386 ’

314 2468 381 2529 dem
398 2471 534 2529 carminis
555 2470 673 2529 titulum
693 2491 712 2528 a
733 2470 898 2536 saltationis
920 2489 1029 2548 genere
1049 2473 1082 2531 in
1100 2469 1189 2530 Creta
1210 2477 1240 2530 et
1255 2470 1335 2530 Delo
1357 2473 1404 2531 in·
1469 2523 1470 2526 ,

313 2553 387 2613 sulis
410 2554 479 2613 olim
496 2555 603 2613 usitato
621 2554 806 2633 desumptum
827 2575 891 2615 esse
907 2557 993 2617 nobis
1011 2555 1129 2635 quidem
1145 2555 1300 2635 probabile
1319 2555 1404 2616 vide-

313 2647 369 2697 tur.
405 2639 481 2698 conf.
502 2639 671 2699 Meinekius
693 2639 769 2698 anal.
791 2640 954 2700 Alexandr.
975 2662 1004 2720 p.
1029 2643 1076 2699 12.
1100 2642 1141 2700 20
1154 2660 1177 2699 s.
1200 2650 1230 2700 et
1250 2640 1404 2701 Prellerus

313 2723 436 2804 mythol.
460 2722 565 2784 Graec.
583 2725 626 2797 H,
648 2745 676 2803 p.
699 2726 760 2783 296
783 2725 828 2785 ed.
851 2726 901 2786 alt.
923 2728 1165 2805 pertractavimus
1189 2725 1343 2786 Ciceronis
1364 2727 1405 2788 de

314 2810 371 2869 hac
387 2820 539 2888 poetarum
556 2809 685 2869 factione
702 2808 819 2870 iudicia.
855 2831 910 2871 nec
932 2810 1017 2870 aliter
1033 2815 1066 2870 in
1083 2815 1253 2870 universum
1274 2815 1406 2872 sensisse

314 2898 484 2975 omnesqui
501 2903 563 2954 tum
585 2903 682 2954 esseut
702 2903 835 2955 veterum
852 2894 1047 2956 Camenarum
1070 2895 1261 2954 admiratores
1279 2916 1405 2957 consen-
1469 2947 1470 2950 ι

313 2988 433 3040 tansum
450 2990 502 3040 est.
537 3000 596 3060 quo
618 2980 716 3059 plures
734 2987 832 3041 autem
855 2988 961 3061 poetae
983 2985 1054 3040 novi
1076 2985 1147 3040 artis
1170 2999 1239 3040 suae
1257 2980 1404 3042 obtrecta-

314 3074 392 3125 tores
408 3065 609 3139 inveniebant,
633 3084 667 3125 eo
689 3069 784 3142 magis
806 3085 869 3125 sese
889 3075 990 3126 mutuo
1012 3066 1154 3126 adiuvare
1176 3065 1311 3144 fetusque
1334 3086 1403 3127 suos

315 3155 534 3229 epigrammatis
561 3151 702 3212 extollere
732 3150 903 3222 studebant,
934 3159 1063 3211 ceterum
1087 3151 1144 3210 bac
1169 3170 1285 3230 quoque
1310 3154 1345 3210 in
1370 3171 1405 3212 re

313 3235 552 3295 Alexandrinum
564 3255 674 3295 morem
688 3238 780 3296 secuti
789 3232 878 3310 (coni.
889 3236 1003 3295 Callim.
1013 3240 1106 3315 epigr.
1115 3236 1228 3295 XXIX
1237 3234 1403 3313 Schneid.).

315 3327 457 3398 erantque
479 3321 611 3399 plerique
634 3325 745 3394 exeis,
771 3327 805 3380 ut
826 3320 950 3393 videtur,
977 3341 1038 3380 non
1065 3321 1159 3381 solum
1184 3320 1300 3380 scholae
1322 3341 1407 3382 com-

315 3403 463 3476 muuione,
484 3409 693 3466 verumetiam
715 3409 862 3466 amicitiae
879 3405 999 3465 vinculo
1021 3411 1099 3466 inter
1117 3425 1148 3466 se
1166 3406 1322 3466 coniuncti.
1361 3411 1407 3468 sic

315 3487 458 3559 Catullus,
480 3496 514 3547 ut
532 3509 620 3569 supra
637 3495 870 3565 memoravimus,
893 3499 923 3551 et
939 3491 1100 3570 Zmyrnam
1116 3491 1220 3550 Helvii
1238 3491 1355 3552 Cinnae
1373 3500 1405 3552 et

313 3572 424 3632 Licinii
446 3571 533 3633 Calvi
559 3575 669 3652 elegias
695 3574 782 3634 modo
808 3575 903 3636 editas
929 3577 1106 3637 carminibus
1128 3577 1216 3637 XCV
1242 3583 1271 3636 et
1295 3576 1405 3638 XCVI

313 3657 481 3718 celebravit.
515 3679 601 3738 porro
628 3659 752 3719 Ticidae
778 3679 879 3721 versus
905 3662 985 3740 apud
1011 3661 1185 3721 Suetonium
1211 3669 1316 3722 extans
1342 3662 1404 3722 huc

311 3743 491 3816 referendus,
510 3764 568 3823 quo
585 3744 714 3824 Lydiam
732 3745 853 3806 Catonis
870 3745 1021 3806 doctorum
1038 3750 1199 3806 maximam
1217 3766 1317 3805 curram
1336 3765 1403 3807 esse

311 3833 362 3901 ait,
380 3828 434 3888 ubi
446 3833 497 3908 qui
516 3829 611 3889 docti
628 3837 771 3890 vocantur
783 3849 833 3890 eos
851 3852 911 3891 non
926 3832 998 3891 alios
1013 3851 1077 3892 csse
1090 3852 1179 3912 quam
1191 3838 1293 3910 poetes
1307 3853 1403 3892 novos

311 3913 426 3992 pridem
442 3914 624 3975 intellectum
638 3923 688 3976 est.
716 3916 843 3997 denique
857 3916 894 3975 de
908 3917 1038 3977 eiusdem
1052 3916 1175 3977 Catonis
1188 3917 1289 3975 Diana
1303 3917 1405 3977 Cinna

310 4017 399 4060 versu
415 3999 518 4060 itidem
534 4020 588 4080 per
605 4000 778 4062 Suetonium
796 4004 952 4062 memoriae
973 4001 1090 4080 prodito
1108 4003 1299 4062 consimiliter
1315 4022 1404 4082 prae-

312 4082 423 4144 dicavit
447 4093 535 4165 atque
563 4085 697 4146 Catullus
724 4086 761 4146 de
787 4087 917 4166 Zmyrna
943 4083 1031 4161 (conf.
1059 4108 1083 4146 c.
1111 4087 1200 4148 XCV
1227 4083 1268 4163 6).
1304 4089 1403 4149 eidem

312 4167 473 4230 studiorum
491 4179 648 4247 consortes,
671 4171 918 4252 quemadmodum
935 4175 1013 4232 inter
1029 4176 1108 4254 ipsos
1129 4172 1294 4234 laudabant
1311 4181 1406 4255 atque
