2968 4990
254 381 345 424 cmv
634 379 812 423 Annorfflo
834 380 957 423 culmos

254 501 407 559 statuentis
429 496 522 579 (quod
541 498 610 558 ilico
632 501 739 560 sentiet
759 502 811 578 qui
833 518 980 578 quaenam
1001 498 1064 560 fere
1085 499 1176 560 verba
1202 501 1352 563 excidero

254 586 402 664 potuerint
424 603 522 645 secum
541 582 679 663 reputat),
702 587 797 660 magis
820 603 855 644 eo
876 584 986 644 inclino
1010 593 1043 644 ut
1063 605 1092 642 v.
1115 587 1176 644 393
1199 586 1350 646 mendum

253 670 372 729 subesse
393 671 530 747 suspicer.
574 676 663 748 atque
684 667 762 728 idem
784 671 950 748 suspicatus
972 677 1016 730 est
1036 669 1075 728 N.
1092 669 1245 744 Heinsius,
1274 691 1349 732 cum

252 774 306 832 pro
328 757 395 812 laeti
417 757 509 812 divum
535 752 658 813 fortasse
678 756 883 829 Latonipeaam
909 757 972 814 eive
997 757 1095 833 potius
1121 756 1350 830 Laetonipcuam

254 837 313 915 (sic
330 842 409 900 enim
426 836 502 917 ipse)
520 838 707 898 scribendum
729 858 793 899 esse
809 847 938 918 putaret,
960 838 1040 919 quod
1058 860 1125 900 cum
1142 859 1195 918 per
1211 859 1242 900 se
1259 859 1349 918 egre-
1468 883 1469 886 ,

254 923 336 1000 glum
358 926 403 995 sit,
426 943 486 982 uon
508 922 672 983 dubitarem
694 923 857 998 adsumere,
880 926 906 984 ai
928 924 1030 1003 paullo
1051 926 1172 1004 propius
1189 925 1309 986 abesset
1326 945 1350 985 a

252 1009 357 1066 litteris
382 1006 506 1067 traditis,
555 1028 734 1087 quamquam
759 1011 880 1068 nomina
907 1011 1027 1089 propria
1052 1008 1102 1070 vel
1126 1029 1194 1068 cnm
1221 1013 1347 1070 nomine

252 1095 370 1171 proprio
393 1093 543 1171 conposita
568 1092 773 1171 depravationi
798 1095 974 1154 coniunctae
1000 1093 1063 1155 fere
1089 1114 1156 1153 cum
1183 1095 1348 1174 interpola·
1469 1116 1470 1140 ι

253 1180 334 1237 tione
363 1179 457 1254 magis
491 1178 557 1237 eliis
588 1180 722 1257 exposita
753 1198 816 1239 esse
847 1179 949 1238 solent
997 1198 1038 1238 an
1068 1180 1225 1258 scripserat
1253 1189 1350 1258 poeta

252 1263 388 1320 Phoebum
417 1283 470 1342 pro
500 1256 614 1320 diuum?
639 1294 682 1304 —
707 1265 769 1322 402
793 1262 933 1324 audacter
963 1283 1035 1324 sane
1064 1272 1153 1343 atque
1178 1262 1348 1325 insolenter

253 1351 370 1423 innupta
395 1367 513 1406 neuneu
535 1347 572 1408 de
598 1348 712 1426 paelice
738 1347 852 1408 dicitur.
896 1367 974 1429 quae
1000 1368 1090 1407 causa
1107 1349 1164 1408 fuit
1189 1369 1243 1408 cur
1268 1347 1345 1408 olim

251 1435 360 1511 partim
386 1452 452 1492 cum
479 1432 621 1511 Machlyo
652 1430 763 1507 (annal.
791 1432 892 1512 philol.
915 1432 992 1493 0111
1016 1431 1100 1508 353),
1131 1435 1241 1513 partim
1273 1454 1344 1494 cum

252 1517 431 1578 Baehrensio
454 1518 640 1578 scribendum
662 1529 797 1596 putarem
823 1520 892 1576 liber
918 1522 959 1575 uti
980 1529 1085 1593 nuptae
1106 1529 1252 1594 poteretur
1272 1522 1348 1589 flore

253 1607 386 1662 novettae.
421 1611 523 1681 postea
536 1611 633 1663 autem
647 1602 723 1662 nibil
738 1603 911 1662 mutandum
925 1621 989 1662 esee
1006 1602 1150 1663 intellexi.
1186 1605 1277 1663 immo
1292 1623 1346 1664 ne·

253 1691 410 1748 cessarium
419 1696 463 1747 est
476 1707 620 1760 noemae,
633 1689 772 1766 quoniam
786 1696 898 1747 remota
909 1688 966 1748 hac
981 1690 1101 1748 notione
1115 1688 1190 1746 nihil
1202 1696 1296 1747 restat
1311 1691 1346 1749 in

252 1781 315 1832 tota
331 1775 479 1832 sententia
496 1792 555 1851 quo
568 1781 691 1832 matrem
710 1775 854 1851 primaevi
870 1774 934 1832 nati
950 1780 1097 1832 mortuam
1114 1792 1177 1833 esse
1194 1773 1345 1849 significe-

252 1867 308 1930 tur,
335 1855 367 1916 id
387 1856 467 1938 quod
492 1858 591 1937 aliquo
616 1856 704 1917 modo
730 1858 891 1934 significari
913 1859 1050 1936 oportuit.
1072 1890 1116 1902 -
1136 1859 1199 1916 404
1222 1869 1347 1934 penates

253 1942 331 2002 Itali.
371 1942 448 2002 conf.
465 1942 589 2002 LXVII
605 1944 654 2001 24.
689 1953 825 2019 parentes
841 1943 879 2016 V,
900 1942 1121 2017 Lachmannus,
1136 1943 1299 2022 Hauptiue.

317 2027 405 2088 LXV
422 2031 441 2088 8
463 2030 522 2087 tria
542 2027 668 2087 disticha
689 2048 708 2087 a
723 2027 919 2087 Lachmanno
941 2026 1125 2106 adprobante
1145 2028 1280 2108 Hauptio
1304 2047 1347 2088 ex

254 2135 279 2174 c.
296 2114 436 2175 LXVIII
454 2115 580 2172 20-24
598 2121 626 2173 et
646 2114 770 2174 92-96
789 2121 856 2192 poet
877 2112 956 2172 hunc
974 2132 1092 2172 versum
1109 2111 1212 2171 addita
1229 2116 1346 2173 removi

253 2221 314 2258 una
335 2220 402 2259 cum
423 2207 539 2260 servato
560 2198 599 2258 ab
623 2201 664 2260 eis
686 2198 856 2259 hexametro
878 2199 935 2256 isto
958 2199 1109 2272 adloquar,
1132 2199 1246 2255 audiero
1264 2218 1345 2256 num·

254 2306 337 2361 msam
350 2296 399 2343 tua
410 2288 491 2359 sacto
504 2287 656 2359 temonem
670 2283 732 2360 (tua
796 2283 949 2358 loquentem
961 2282 1001 2355 D,
1013 2279 1246 2358 Lachmannue).
1283 2303 1347 2362 quo

254 2370 292 2430 de
313 2390 401 2431 versu
422 2370 506 2429 libris
529 2369 589 2429 fide
611 2368 710 2446 dignis
732 2371 833 2444 ignoto
851 2369 969 2447 iamque
987 2387 1006 2426 a
1022 2367 1176 2444 scaligero
1193 2375 1347 2447 expuncto

254 2455 331 2516 conf.
345 2455 519 2515 Baehreneii
536 2454 696 2532 prolegom.
715 2454 866 2513 XXVIII.
901 2452 1052 2532 nequead
1069 2451 1269 2513 catullianum
1286 2455 1348 2512 ori·

254 2543 355 2618 ginem
372 2541 435 2599 eius
448 2539 705 2599 demonstrandam
718 2539 870 2598 sufficiunt
882 2556 959 2617 quae
971 2555 1067 2616 nuper
1079 2537 1180 2597 attulit
1193 2536 1348 2616 Sydovius

254 2625 292 2687 de
309 2645 418 2685 recens.
428 2624 493 2686 Cat
507 2645 595 2683 carm.
606 2625 645 2681 57
656 2644 692 2684 ss.
732 2623 966 2702 interpolationis
983 2622 1129 2683 indicium
1145 2641 1200 2700 ego
1218 2621 1345 2702 quidem

254 2720 285 2773 et
309 2713 341 2770 in
367 2711 489 2771 moleste
513 2711 639 2788 repetito
664 2709 755 2769 verbo
780 2707 921 2788 loquendi
945 2703 1100 2782 (adloquar
1115 2739 1159 2750 -
1175 2706 1346 2785 loquentem)

254 2797 412 2874 adgnosco,
430 2814 527 2875 neque
539 2813 619 2867 vero,
637 2797 726 2854 etiam
739 2796 765 2854 ei
777 2793 965 2854 Lachmanni
982 2795 1111 2853 rationes
1124 2794 1157 2852 in
1170 2794 1347 2852 universum

254 2883 423 2962 probandas
450 2900 514 2941 esse
540 2899 701 2952 censerem,
733 2880 812 2957 apud
837 2879 962 2938 verbum
988 2880 1103 2935 audiero
1128 2896 1292 2956 pronomen
1317 2887 1349 2936 te

255 2971 318 3028 sine
345 2968 552 3029 concinnitatis
582 2965 758 3025 detrimento
784 2965 924 3024 omissum
948 2969 1093 3041 putarem.
1137 2970 1278 3035 ceterum,
1304 2982 1348 3024 ne

254 3055 321 3132 plus
338 3073 397 3113 uno
415 3053 561 3113 versiculo
575 3050 719 3112 excidisse
732 3056 904 3120 statuemus,
922 3050 986 3126 ipse
1004 3047 1108 3107 modus
1125 3046 1348 3108 interclusionis

255 3138 367 3212 suadet,
384 3143 418 3198 in
435 3157 493 3218 quo
509 3144 544 3196 ut
560 3138 683 3196 minime
694 3133 879 3208 offendimus,
896 3135 941 3192 ita
957 3135 1061 3210 augeri
1078 3152 1146 3192 eum
1163 3133 1228 3192 sine
1244 3150 1347 3192 neces·

256 3226 341 3282 sitate
358 3223 505 3283 nolumus.

319 3308 423 3367 LXVI
442 3308 481 3365 15
497 3317 647 3382 parentum
663 3307 717 3365 vix
734 3323 847 3364 eanum.
874 3302 926 3362 sed
940 3322 978 3362 ex
994 3303 1153 3381 propositis
1167 3303 1348 3362 coniecturis

256 3391 340 3450 nulla
356 3391 525 3470 probabilis.
561 3412 599 3450 an
618 3393 774 3469 scripserat
787 3388 923 3448 Catullus
940 3379 1091 3446 maritum?
1108 3419 1151 3430 -
1169 3388 1210 3445 24
1228 3397 1291 3444 tunc
1304 3383 1348 3450 Ο.

255 3496 328 3534 nunc
345 3497 414 3536 secr.
433 3485 498 3534 tuuc
516 3475 553 3536 G.
588 3485 645 3532 tum
661 3476 822 3553 Hauptiue
839 3503 883 3515 —
900 3473 942 3531 50
957 3475 1031 3546 ferri
1047 3475 1185 3546 strinpere
1202 3472 1347 3550 Heysiue.

255 3561 333 3622 conf.
342 3561 465 3620 Ellisius
478 3563 515 3620 in
524 3569 687 3631 comment,
702 3558 875 3618 Schwabius
889 3558 987 3618 annal.
1002 3557 1102 3638 philol
1112 3556 1234 3618 CXVII
1244 3557 1346 3630 eoos,

255 3647 406 3727 Sydovius
432 3645 470 3706 de
496 3663 607 3705 recens.
631 3643 695 3704 Cat.
718 3665 806 3704 carm.
825 3645 899 3702 lis.
923 3646 1011 3716 semis
1034 3645 1159 3717 stinpere
1176 3641 1214 3702 G.
1256 3643 1349 3716 ferris

253 3735 359 3808 fiapere
379 3731 416 3794 Ο.
458 3733 532 3806 fem‘
554 3732 688 3803 franpere
713 3747 751 3788 ex
776 3729 806 3787 D
828 3729 1039 3788 Lachmannus
1061 3727 1277 3806 Hauptiusque
1300 3757 1348 3770 -

256 3819 296 3876 53
315 3819 477 3877 nutantibus
494 3817 530 3877 V.
566 3813 642 3875 conf.
661 3813 752 3893 Apul.
770 3814 962 3893 metamorph.
979 3814 1026 3874 VI
1044 3813 1082 3872 15
1102 3815 1265 3886 libo-otiaque
1277 3814 1346 3887 pin-

256 3923 356 3962 narum
382 3905 538 3962 nutantium
558 3901 683 3974 molibus,
711 3917 798 3979 quem
819 3898 917 3959 locum
939 3906 1008 3976 apte
1030 3899 1204 3976 conparavit
1220 3896 1348 3957 Ellieiue

255 3988 288 4047 in
315 3997 470 4048 comment
513 3987 679 4046 motantibus
705 4003 743 4044 ex
769 3985 937 4043 coniectura
962 3983 1090 4043 Bentleii
1115 3982 1275 4060 Hauptius.
1302 4013 1348 4024 —

257 4073 297 4130 59
316 4077 379 4132 colu
396 4073 473 4134 God.
485 4074 677 4133 Hermannue
694 4091 763 4129 ann.
776 4069 879 4150 philol.
893 4067 993 4127 XXII
1007 4069 1077 4128 312.
1113 4071 1202 4126 solum
1219 4068 1296 4140 libri,
1315 4073 1347 4126 et

256 4158 300 4215 ita
320 4157 481 4239 Hauptius.
508 4191 549 4201 -
577 4158 649 4218 uus.
672 4157 795 4215 omuibus
817 4175 918 4232 capere
946 4156 1100 4229 thequmtie
1120 4173 1178 4212 unc
1199 4152 1237 4227 V,
1265 4150 1348 4231 quod
