2954 4990
317 311 435 352 xxxvm
749 308 978 351 raonnsouans
1466 273 1467 338 l

317 428 369 487 ille
384 436 503 507 propter
520 433 695 504 argumenta
708 447 726 485 a
739 425 922 505 Nipperdeio
936 426 1036 486 adlata
1052 447 1105 506 pro
1119 427 1182 488 filio
1199 427 1286 488 huius
1304 429 1418 488 haberi

318 516 427 592 nequit.
463 513 515 572 sed
539 522 573 570 ut
592 513 775 591 propositum
796 531 964 590 persequar,
988 511 1024 584 Q.
1043 513 1148 572 Arrius
1171 515 1314 593 quoniam
1336 523 1418 574 teste

319 596 461 658 Cicerone
478 600 511 658 in
527 599 620 658 Bruto
638 595 655 671 ᾗ
670 598 730 654 243
749 596 850 656 infimo
867 596 932 655 loco
950 605 1037 656 natus
1055 605 1084 656 et
1101 601 1165 658 sine
1183 597 1320 660 doctrina
1337 610 1415 672 erat,

318 683 406 742 facile
432 685 531 762 putari
557 690 654 760 potest
677 681 837 740 ridiculum
862 702 972 742 morem
1003 683 1217 761 pronuntiandi
1242 704 1261 742 a
1287 683 1417 744 Catullo

318 776 452 847 carptum
469 769 578 844 origini
594 786 665 826 suae
683 765 826 839 debuisse,
845 766 963 845 quando
980 767 1015 826 P.
1029 767 1179 844 Nigidius,
1197 767 1318 828 illorum
1337 777 1417 828 tem-

318 873 421 933 porum
444 852 584 932 aequalis,
607 851 687 930 apud
709 851 839 911 Gellium
860 852 944 910 XIII
967 854 984 910 6
1004 853 1023 910 3
1045 855 1188 912 misticum
1208 854 1274 912 fieri
1301 873 1416 914 sermo·

317 957 400 1010 nem,
426 939 452 995 si
477 937 609 1016 adspires
633 956 800 1016 perperam,
828 936 966 996 declarat.
1001 939 1172 1017 avitumque
1198 938 1289 998 fuisse
1316 939 1414 998 Arrio

318 1024 444 1081 nimium
464 1024 553 1081 istum
579 1021 786 1100 adspirationis
812 1041 898 1080 usum
919 1024 983 1100 ipse
1007 1029 1096 1100 poeta
1117 1042 1145 1080 v.
1171 1023 1226 1082 δε.
1249 1025 1413 1100 significat,

319 1128 386 1166 cum
402 1115 525 1167 matrem
543 1109 605 1167 eius
623 1116 652 1166 et
662 1109 770 1170 ,matris
788 1105 908 1166 fratrem
927 1115 956 1165 et
972 1115 1108 1184 parentes
1126 1109 1168 1167 sic
1186 1107 1296 1168 dixisse
1315 1113 1414 1190 suspi-

319 1200 409 1252 catur.
448 1191 556 1253 deinde
581 1213 609 1250 v.
638 1193 656 1249 7
683 1191 805 1250 Arrium
830 1193 863 1250 in
889 1191 1009 1270 Syriam
1034 1193 1153 1251 missmn
1183 1212 1246 1252 esse
1270 1193 1413 1271 legimus.

317 1281 377 1337 iam
404 1297 470 1336 cum
492 1276 529 1349 Q.
551 1277 657 1336 Arrius
680 1297 745 1335 cum
767 1278 808 1335 Μ.
832 1275 938 1336 Crasso
964 1285 994 1336 et
1019 1279 1145 1354 negotiis
1171 1277 1350 1352 forensibus,
1380 1290 1414 1340 ut

317 1384 406 1441 supra
423 1362 560 1435 vidimus,
579 1369 609 1420 et
626 1363 790 1420 communis
806 1361 931 1420 militiae
948 1365 1089 1421 memoria
1106 1394 1148 1402 -
1166 1363 1253 1423 ambo
1276 1366 1361 1424 enim
1380 1368 1413 1425 in

316 1448 395 1507 bello
414 1447 515 1507 servili
533 1449 679 1506 exercitus
693 1446 839 1505 duxerant
852 1449 1080 1506 —coniunctus
1094 1446 1193 1520 fuerit,
1211 1447 1292 1506 haud
1307 1451 1413 1529 inepte

317 1535 446 1592 conicias
464 1551 531 1592 eum
548 1532 626 1604 huic,
644 1551 711 1590 cum
727 1551 781 1611 pro
800 1531 920 1590 consule
936 1534 969 1590 in
983 1531 1102 1610 Syriam
1119 1541 1195 1593 esset
1211 1533 1411 1612 profecturus,

317 1619 469 1696 expetenti
481 1637 516 1675 ac
529 1616 693 1695 postulanti
706 1624 825 1676 senatus
839 1617 971 1676 consulto
981 1616 1113 1694 legatum
1122 1636 1194 1690 esse,
1208 1639 1277 1678 nam
1285 1620 1411 1696 publico

317 1722 384 1761 cum
405 1701 546 1760 mandato
567 1700 689 1760 Arrium
712 1700 915 1760 Catullianum
940 1702 1011 1760 illuc
1036 1704 1126 1762 ivisse
1147 1703 1270 1762 verbum
1291 1709 1410 1778 missus,

317 1808 377 1866 qno
397 1789 490 1844 utitur
511 1794 608 1865 poeta,
634 1785 755 1845 indicat
791 1806 867 1865 quae
890 1789 915 1845 si
938 1805 1009 1847 vera
1030 1795 1106 1861 sunt,
1134 1807 1253 1848 carmen
1273 1798 1411 1850 nostrum

317 1873 371 1931 sub
389 1872 479 1930 finem
497 1874 570 1930 anni
589 1865 702 1946 699l55
726 1873 867 1951 scriptum
889 1890 952 1932 esse
973 1871 1104 1950 adparet,
1128 1872 1247 1951 quando
1266 1872 1411 1936 Crassum

316 1961 377 2017 iam
398 1976 499 2016 mense
517 1957 679 2016 Novembri
700 1957 788 2015 huius
810 1959 884 2015 anni
904 1956 1036 2016 nondum
1057 1966 1175 2036 peracto
1198 1959 1356 2018 consulatu
1379 1965 1412 2021 in

315 2045 499 2122 provinciam
518 2042 575 2101 sibi
593 2042 770 2102 destinatam
789 2060 852 2100 sese
871 2041 1030 2102 contulisse
1052 2045 1168 2102 scImus.
1204 2052 1334 2104 ceterum
1352 2045 1411 2106 Ar-

315 2131 393 2187 rium
415 2149 433 2186 a
451 2126 568 2186 Catullo
591 2127 720 2188 derisum
737 2127 779 2185 M.
798 2126 898 2186 Crassi
919 2127 1102 2206 proconsulis
1123 2130 1156 2187 in
1177 2127 1296 2206 Syriam
1319 2135 1411 2192 comi·

316 2223 375 2273 tem
396 2213 488 2272 fuisse
509 2215 570 2270 iam
591 2213 771 2288 Borghesius
797 2211 816 2269 l.
839 2232 863 2270 c.
885 2234 913 2291 p.
938 2213 976 2269 76
999 2215 1164 2290 suspicatus
1186 2222 1238 2286 est,
1265 2213 1318 2274 sed
1341 2235 1411 2276 curn

316 2297 432 2358 esseC.
450 2296 573 2356 Arrium
594 2297 678 2356 illum
696 2317 714 2355 a
732 2295 875 2356 Cicerone
892 2299 975 2375 epist.
993 2297 1031 2355 ad
1047 2297 1111 2356 Att
1129 2299 1164 2356 II
1184 2300 1222 2357 14
1242 2300 1260 2358 2
1279 2307 1309 2359 ct
1329 2301 1368 2360 15
1391 2305 1409 2360 3

317 2389 584 2451 commemoratum,
603 2385 655 2460 qui
671 2402 725 2460 pro
742 2384 864 2441 oratoris
882 2381 944 2440 filio
962 2381 1088 2442 habetur
1052 2385 1178 2455 ur,sine
1191 2383 1300 2443 idonea
1318 2405 1412 2446 cansa

316 2475 374 2524 stat
375 2469 487 2525 uit.-
445 2465 593 2544 -plane
610 2470 729 2544 ignotus
742 2466 827 2525 nobis
844 2474 889 2526 est
901 2467 983 2526 Naso
1001 2467 1052 2526 ille
1069 2487 1157 2547 quem
1175 2476 1300 2548 poetae.
1315 2469 1413 2532 CXII

316 2551 516 2610 athominem
534 2550 688 2630 loquacem
705 2551 793 2609 simul
810 2558 840 2611 et
856 2552 1006 2654 pathicum
1021 2556 1172 2630 exagitare
1184 2553 1302 2614 videtur
1314 2553 1411 2630 (conf.

317 2635 416 2696 adnot.
436 2635 520 2714 crit).
556 2655 653 2715 neque
674 2637 802 2695 notiores
821 2636 926 2697 Callus
949 2640 1001 2715 qui
1023 2659 1046 2696 c.
1065 2638 1290 2698 LXXVIIIt
1256 2647 1290 2698 nt
1311 2646 1413 2719 stupri
1466 2683 1467 2688 ι

316 2723 394 2781 inter
407 2724 588 2800 propinquos
601 2721 674 2781 facti
687 2723 860 2781 administer
873 2724 1035 2800 castigatur
1049 2732 1079 2782 et
1089 2723 1237 2782 Aemilius
1251 2745 1274 2782 c
1283 2724 1412 2786 XCVII

316 2816 402 2886 propt
404 2826 435 2866 er
391 2809 512 2866 toris
529 2804 671 2867 foetorem
693 2807 984 2866 contumeliosissime
1001 2815 1151 2882 tractatus,
1174 2827 1264 2888 quem
1285 2810 1412 2888 quidem

317 2891 461 2953 Catulli
451 2913 484 2950 ιιι
506 2895 605 2952 nescio
628 2893 735 2972 quibus
757 2892 905 2952 amoribus
926 2892 1051 2952 rivalem
1076 2894 1168 2955 fuisse
1191 2903 1325 2954 extrema
1347 2896 1411 2958 duo

315 2978 442 3037 disticha
472 2977 613 3057 produnt,
645 2985 675 3036 et
699 2977 843 3036 Vibennii
872 2984 956 3057 pater
987 2985 1016 3036 et
1047 2978 1125 3037 filius
1152 2999 1225 3058 quos
1256 2985 1387 3058 poeta'
1376 3004 1412 3042 ιιι
1466 3039 1467 3048 ,

315 3085 339 3122 c.
362 3063 510 3122 XXXIII
537 3063 579 3123 alt
567 3073 662 3124 terum
684 3061 779 3122 furem
806 3061 1000 3134 balneariam,
1026 3063 1068 3122 alt
1056 3071 1150 3123 terum
1173 3064 1329 3124 cinaedum
1356 3087 1412 3127 vo·
1466 3054 1467 3138 l

316 3156 432 3207 ιιι-
448 3147 551 3207 itidem
574 3149 612 3208 ob
635 3148 722 3220 furta,
746 3146 828 3206 sed
819 3168 852 3206 ιιι
874 3149 1018 3207 conviviis
1040 3146 1127 3220 facta,
1152 3169 1175 3206 o.
1194 3150 1260 3208 XII
1279 3149 1412 3212 Asinius

315 3233 529 3290 Marrucinos
520 3241 636 3292 incusat
637 3254 680 3306 ur,
698 3233 758 3291 frat
746 3240 791 3292 ter
807 3240 881 3291 natu
899 3235 992 3292 maior
1010 3232 1043 3292 C.
1062 3233 1163 3293 Asinii
1178 3234 1322 3294 Pollionis
1341 3257 1412 3296 ora·

315 3320 387 3374 toris
405 3316 558 3393 postmodo
576 3278 702 3395 Vergilii
720 3326 760 3378 et
765 3317 882 3376 Horat'‘
851 3326 885 3376 ιιι
902 3317 1039 3377 laudibus
1058 3319 1205 3379 celebrati
1242 3340 1310 3378 nam
1328 3321 1413 3383 alius
1466 3331 1467 3402 ι

316 3419 379 3460 esse
392 3400 489 3459 Pollio
507 3403 563 3460 iste
581 3405 633 3480 qui
650 3423 678 3460 v
694 3404 712 3460 6
731 3412 975 3461 commemoratur
986 3423 1104 3482 prorsus
1120 3424 1182 3463 non
1194 3413 1299 3482 potest.
1326 3405 1412 3467 Mar·
1466 3421 1467 3478 ι

315 3488 452 3544 rucinum
478 3493 577 3545 autem
602 3486 684 3566 quod
707 3485 841 3546 Catullus
862 3487 1002 3546 Asinium
1028 3509 1047 3548 a
1072 3508 1103 3548 se
1128 3491 1329 3568 vituperatum
1357 3492 1412 3552 ad-

315 3570 420 3651 pellat,
443 3569 475 3631 id
491 3569 583 3648 vulgo
602 3592 668 3630 cum
685 3574 822 3632 acumine
839 3572 968 3650 quodam
986 3573 1090 3636 fecisse
1107 3583 1238 3653 putatur,
1262 3583 1296 3634 ut
1312 3575 1412 3636 homi-

315 3676 384 3717 nem
407 3674 445 3715 ex
463 3656 648 3731 Marrucinis,
671 3656 780 3758 populo
803 3658 949 3736 probitate
971 3661 1137 3738 conspicuo,
1160 3658 1318 3720 oriundum
1342 3663 1410 3723 eius
1466 3675 1467 3714 ι

315 3743 397 3803 modi
421 3743 614 3821 rapacitatem
640 3743 762 3803 minime
789 3742 893 3802 decere
919 3744 1107 3821 significaret.
1143 3765 1219 3824 quae
1245 3745 1410 3824 explicatio

316 3829 502 3887 artificiosior
521 3827 651 3905 profecto
670 3847 760 3907 quam
777 3847 848 3887 vera
870 3835 922 3888 est.
958 3838 990 3888 at
1012 3839 1113 3888 contra
1134 3828 1223 3890 fidem
1240 3831 1314 3890 mihi
1335 3831 1411 3892 fecit

315 3914 423 3972 Munro
447 3914 498 3992 qui
519 3911 539 3970 l.
562 3932 585 3970 c.
610 3935 638 3992 p.
662 3914 701 3971 39
721 3933 742 3972 s.
764 3912 871 3972 Asinio
897 3933 1062 3990 cognomen
1083 3916 1252 3975 Marrucino
1275 3915 1315 3974 ad
1341 3937 1411 3996 per·

316 3996 497 4076 petuandam
519 3999 642 4074 originis
663 4000 835 4058 memoriam
857 4019 875 4057 a
896 4006 978 4076 patre
997 3998 1051 4060 Cn
1070 4000 1175 4060 Asinio
1192 3999 1320 4060 inditum
1344 4022 1411 4064 esse

314 4085 490 4160 suspicatur.
526 4103 595 4143 nam
617 4083 762 4144 Pollionis
785 4086 959 4162 cognomine
984 4087 1018 4144 in
1043 4093 1132 4162 gente
1152 4084 1260 4146 Asinia
1285 4091 1410 4149 omnino
