2954 4990
546 402 775 445 PROLEGOIOENA
1102 403 1208 446 LXXVII

112 523 329 603 conpositionis
347 522 493 580 rationem
505 521 544 579 ab
556 522 720 580 imitatione
732 521 802 581 Teii
818 527 923 600 poetae
940 527 1092 600 repeteret„
1118 539 1207 600 quem

116 609 249 669 eiusdem
268 609 356 666 metfi
369 605 504 684 strophas
517 604 623 666 fecisse
640 607 718 665 binis
731 608 899 685 systematis
912 606 1046 667 diversae
1059 609 1207 682 magnitu-

114 695 197 753 dinis
225 699 391 752 constantes
413 709 532 750 carmen
553 693 585 749 in
609 692 739 750 Dianam
762 689 809 765 (fr.
830 689 861 767 1)
884 690 1019 764 ostendit,
1047 693 1105 750 nisi
1127 690 1208 770 quod

115 779 162 839 ibi
179 780 284 857 prioris
307 794 425 856 quoque
446 777 612 853 systematis
630 775 698 835 finis
716 777 843 836 catalexi
860 783 978 837 notatus
992 783 1044 835 est.
1080 775 1208 855 denique

116 866 151 924 in
169 861 349 924 carminibus
366 859 518 919 maledicis
532 860 667 920 Catullus
680 861 835 920 manifesto
849 869 963 920 veteres
981 861 1208 939 lambographoe

116 950 178 1008 sibi
198 949 350 1026 proposuit
371 945 538 1019 imitandos,
565 953 693 1024 suntque
714 947 747 1005 in
768 946 828 1004 illis
850 967 910 1006 non
931 945 1016 1005 nulla
1038 965 1114 1024 qnae
1138 963 1209 1004 vere

117 1033 293 1093 Archilochi
311 1033 425 1090 animos
443 1033 607 1108 exprimere
625 1031 716 1104 dicas,
733 1033 766 1089 in
783 1033 886 1109 primis
905 1033 1036 1090 carmina
1052 1029 1165 1088 XXIX
1178 1037 1209 1088 et

118 1119 190 1178 LII.
225 1125 315 1196 atque
336 1120 368 1175 in
390 1115 446 1174 hoc
469 1115 587 1194 quidem
613 1123 701 1193 poeta
723 1119 813 1174 etiam
838 1118 985 1176 trimetros
1012 1118 1063 1195 qui
1090 1117 1208 1194 proprie

120 1202 304 1263 Archilochii
321 1201 459 1260 dicuntur
476 1199 619 1273 adhibuit,
638 1220 705 1259 cum
721 1203 754 1259 in
767 1200 818 1259 illo
834 1208 1001 1260 constanter
1018 1200 1125 1259 iambis
1138 1219 1208 1258 usus

119 1291 161 1348 sit
186 1286 317 1366 spondeo
339 1306 401 1346 non
422 1284 550 1344 admisso
572 1287 630 1344 nisi
652 1285 744 1344 semel
764 1287 850 1344 initio
872 1305 975 1344 versus
998 1286 1016 1343 3
1035 1287 1068 1344 in
1089 1287 1208 1343 nomine

119 1375 239 1453 proprio
258 1372 344 1431 aliter
360 1372 459 1430 versui
476 1390 536 1429 non
555 1377 631 1448 apto.
668 1369 771 1430 eadem
789 1373 930 1430 severitas
947 1372 980 1429 in
997 1369 1127 1448 phaselo,
1146 1389 1208 1428 car-

120 1460 202 1517 mine
213 1457 304 1533 longe
318 1455 428 1515 diversi
441 1457 567 1532 generis,
577 1455 733 1528 obtinetur,
745 1474 800 1514 nee
813 1455 944 1514 dubitari
956 1464 1053 1533 potest
1066 1457 1139 1533 quin
1151 1453 1209 1512 hac

119 1541 243 1623 quidem
260 1543 292 1599 in
309 1560 341 1600 re
358 1539 596 1600 Alexandrinum
610 1538 745 1599 Catullus
763 1540 931 1619 exemplum
948 1549 1065 1600 secutus
1083 1542 1129 1598 sit.
1156 1539 1209 1598 sed

122 1625 295 1688 Archilochi
312 1627 482 1684 memoriam
500 1624 648 1685 interdum
661 1627 750 1684 etiam
765 1626 900 1702 singulae
912 1626 1090 1686 Veronensis
1104 1631 1209 1703 poetae

121 1713 286 1772 sententiae
303 1710 390 1770 nobis
407 1709 553 1770 adferunt.
597 1712 641 1770 sic
658 1711 798 1769 carminis
815 1711 888 1770 LVI
905 1711 1044 1770 versiculi
1061 1711 1149 1789 primi
1167 1707 1207 1769 ‘0

122 1817 185 1858 rem
209 1795 378 1866 ridiculam,
407 1794 494 1868 Cato,
526 1804 556 1855 et
581 1797 708 1854 iocosam
734 1797 926 1875 Dignamque
947 1796 1068 1855 aurIbus
1099 1803 1129 1854 et
1157 1802 1208 1853 tuo

122 1882 280 1941 cachinno’
308 1879 451 1940 simillimi
473 1887 541 1939 sunt
566 1882 630 1939 istis
654 1873 846 1956 Ἐρασμονίδη
872 1876 1019 1956 Χαριῖαε,
1044 1873 1141 1958 χρῆμά
1163 1899 1209 1938 τοι

123 1965 234 2045 γελοῖον
250 1959 347 2040 'Epion
366 1956 440 2022 noti
457 1957 575 2042 paltad'
586 1959 716 2041 ἑταίρων,
734 1960 856 2042 τέρψεαι
871 1959 898 2023 δ’
910 1959 1024 2024 ἀκούων
1038 1962 1086 2038 (fr.
1102 1965 1141 2022 79
1152 1961 1207 2038 B.),

123 2055 253 2130 itemque
271 2051 410 2110 carminis
426 2050 484 2108 XL
503 2070 571 2128 pars
592 2053 673 2129 prior
689 2053 929 2128 conparationem
946 2050 1036 2109 habet
1053 2070 1120 2108 cunr
1137 2051 1209 2108 iam·

111 2137 169 2197 bis
187 2137 347 2196 notissimis
365 2142 468 2193 contra
484 2135 658 2212 Lycamben
675 2137 789 2215 seriptis
807 2132 855 2209 (fr.
875 2136 924 2193 94.
943 2133 1020 2196 conf.
1039 2137 1127 2194 etiam
1146 2129 1208 2208 95).

124 2221 170 2280 his
193 2219 436 2280 similitudinibus
458 2221 517 2278 iam
536 2240 554 2277 a
571 2219 722 2296 Scaligero
745 2226 774 2279 et
791 2219 976 2298 Westphalio
998 2218 1135 2278 indicatis
1152 2227 1209 2278 ter·

124 2309 197 2364 tiam
227 2304 362 2363 addimus
394 2324 412 2362 a
441 2307 561 2364 nemine
590 2304 688 2364 adhuc
714 2303 958 2365 animadversam.
1002 2306 1034 2363 in
1060 2303 1209 2363 veteribus

125 2390 243 2451 scholiis
261 2388 300 2448 ad
317 2389 465 2468 Lycophr.
483 2389 570 2449 Alex.
589 2410 616 2450 v.
637 2391 708 2464 771,
725 2411 755 2469 p.
775 2391 836 2449 140
853 2389 947 2450 Kink.
966 2389 1056 2450 haece
1072 2389 1208 2464 legimus,

125 2471 153 2536 οἱ
171 2468 203 2534 δὲ
220 2468 345 2550 asinione
367 2465 438 2574 <psol
460 2467 528 2542 τοὺς
545 2480 723 2553 nascereris*
739 2470 781 2542 εἰς
796 2481 946 2553 γυναῖκας·
969 2467 1081 2552 εἴρηται
1099 2467 1130 2532 δὲ
1148 2464 1209 2530 ἀπὸ

124 2553 189 2628 ἑνὸς
206 2553 328 2620 Μύκλου
346 2558 470 2636 culpano
486 2557 714 2636 κωμῳδηθε7τος
730 2553 787 2618 ὑπὸ
803 2555 967 2639 Ἀρχιλόχου
981 2552 1027 2619 ἐπὶ
1041 2552 1208 2636 baptizavi,

125 2645 204 2706 unde
221 2665 316 2725 paene
333 2645 371 2705 ad
390 2646 512 2706 verbum
530 2648 715 2723 transcripsit
731 2646 850 2706 Taetaa.
882 2665 960 2726 quae
977 2665 1038 2705 non
1055 2663 1209 2722 possumus

125 2733 183 2790 nisi
195 2733 237 2791 sic
250 2731 424 2808 intellegere
435 2737 469 2789 ut
481 2729 693 2790 Archilochum
709 2731 826 2790 tibicini
839 2732 964 2803 cuidam,
983 2731 1095 2789 homini
1109 2729 1209 2800 salaci,

125 2819 355 2893 ignominiosum
372 2834 480 2874 nomen
498 2809 627 2886 Μύκλος,
650 2816 817 2875 derivatum
832 2816 865 2875 id
882 2837 900 2874 a
917 2810 1018 2891 μύκης,
1036 2813 1116 2893 quod
1132 2816 1210 2871 inter

124 2902 185 2960 alia
206 2900 357 2978 significat
378 2892 412 2958 τὸ
434 2895 544 2958 αἰδοῖον
567 2901 618 2957 τοῦ
641 2893 801 2975 ἀνθρώπου
824 2899 1032 2975 (Choerobosc.
1051 2900 1077 2968 Ι,
1098 2918 1127 2975 p.
1149 2897 1208 2954 139

125 2984 234 3061 Caisf.)
252 3003 346 3062 eaque
367 2985 400 3040 vi
416 2983 454 3043 ab
475 2986 539 3062 ipso
556 2983 736 3044 Archilocho
754 2993 928 3063 usurpatum
945 2992 990 3042 est
1006 2981 1054 3058 (fr.
1072 2977 1135 3056 47),
1157 3000 1211 3060 per

125 3070 286 3129 ludibrium
308 3066 451 3127 indidisse
472 3076 643 3143 statuamus,
665 3071 875 3148 perspexitque
894 3069 927 3128 id
947 3071 1007 3127 iam
1023 3066 1210 3143 Hartungius

124 3158 159 3214 in
178 3154 234 3232 lyr.
254 3153 359 3214 Graec.
378 3152 446 3212 edit.
464 3154 502 3225 V,
520 3173 548 3232 p.
568 3155 617 3212 92.
652 3152 732 3233 quod
754 3173 820 3212 cum
848 3155 891 3212 ita
913 3155 959 3227 sit,
985 3170 1085 3211 nonne
1105 3151 1211 3231 proba·

110 3240 195 3299 bilis
218 3245 262 3298 est
283 3239 409 3316 suspicio
427 3237 509 3296 Parii
531 3246 636 3317 poetae
658 3237 793 3316 exemplo
815 3237 927 3298 factum
945 3256 1007 3297 esee
1025 3243 1058 3295 ut
1075 3235 1211 3296 Catullus

127 3325 296 3392 Mamurrae
316 3325 436 3382 inimico
458 3323 570 3382 infame
586 3323 740 3383 Mentulae
757 3341 866 3382 nomen
887 3320 1062 3402 inponeret?
1096 3322 1211 3401 Hippo-

126 3411 221 3470 nactis
247 3427 317 3468 vero
340 3406 471 3467 studium
492 3407 616 3487 prodere
642 3407 783 3467 videntur
806 3409 968 3468 tetrametri
989 3408 1110 3468 iambici
1132 3416 1211 3466 cata·

126 3496 224 3555 lectioi
245 3495 279 3552 in
300 3512 324 3553 c.
342 3492 436 3551 XXV
458 3501 487 3552 et
508 3494 632 3553 trimetri
655 3492 753 3552 claudi
775 3495 808 3551 in
830 3502 894 3553 octo
913 3493 1092 3553 carminibus
1109 3492 1211 3568 (VIII.

125 3579 231 3640 XXII.
249 3577 370 3636 XXXI.
388 3577 555 3636 XXXVII.
573 3578 725 3638 XXXIX.
743 3578 856 3637 XLIV.
873 3579 957 3638 LIX.
975 3576 1046 3655 LX)
1060 3599 1079 3637 a
1094 3577 1211 3638 Catullo

126 3665 260 3725 adhibiti.
296 3683 474 3743 quamquam
492 3665 563 3722 satis
580 3664 726 3725 lubricum
744 3682 808 3723 esse
825 3664 952 3723 fatemur
969 3683 1007 3722 ex
1024 3666 1123 3722 metris
1142 3661 1212 3721 solis

126 3751 200 3809 talia
221 3748 405 3823 concludere,
428 3751 569 3827 quoniam
590 3749 731 3828 pleraque
753 3768 854 3809 eorum
876 3751 963 3808 etiam
982 3747 1063 3826 apud
1078 3746 1212 3805 Alexan-

128 3835 228 3894 drinos
254 3842 356 3914 poetae
382 3835 415 3892 in
441 3853 496 3892 usu
521 3833 649 3892 fuerunt.
686 3841 775 3912 atque
800 3835 832 3893 in
860 3852 894 3893 eo
921 3841 1000 3892 certe
1020 3832 1212 3910 Hipponacte

128 3921 257 3980 severior
273 3927 318 3979 eet
335 3918 471 3979 Cabillus
495 3917 574 3997 quod
591 3920 623 3977 in
641 3921 750 3978 senarii
767 3917 867 3978 claudi
884 3918 983 3979 eedem
1000 3916 1212 3993 paenultimam

129 4025 189 4064 non
211 4004 329 4064 admisit
350 4006 409 4063 nisi
429 4003 570 4076 iambum,
598 4022 657 4082 qua
677 4005 709 4062 in
731 4022 762 4062 re
783 4003 864 4062 haud
887 4003 977 4062 dubie
995 4000 1212 4061 Callimachum

128 4090 292 4152 aemulatus
307 4096 359 4161 eet,
379 4089 462 4149 cuius
475 4089 525 4168 qui
540 4088 625 4148 nobis
640 4090 750 4146 servati
762 4096 831 4147 sunt
842 4095 994 4147 scazontes
1009 4086 1133 4146 eandem
1147 4085 1213 4145 dili-

129 4177 261 4254 gentiam
284 4173 444 4235 ostendunt
462 4206 504 4216 —
520 4193 581 4233 non
599 4175 679 4234 enim
696 4171 861 4232 audiendus
879 4171 914 4233 Ο.
933 4170 1138 4246 Schneiderus,
1160 4173 1214 4251 qui
