2968 4990
501 378 678 422 Annornrlo
701 379 825 422 curules
1117 377 1207 426 CXXXI

113 502 177 559 erit
194 501 247 578 qui
263 503 359 575 neget.
373 527 415 540 -
434 499 472 556 11
492 502 582 556 auimo
600 501 726 572 offirmas
738 499 777 558 V.
813 500 903 556 auimo
921 499 1049 572 affirmas
1067 518 1094 572 ς,
1111 496 1206 557 Lach-

115 603 257 656 maunus,
281 583 432 662 Hauptiue
455 579 526 658 (nisi
543 583 623 663 quod
639 583 688 642 hie
705 581 860 660 adfirmas).
878 616 921 625 -
938 595 1021 658 atque
1037 583 1074 646 V.
1113 587 1208 657 itaque

115 669 198 728 male
219 667 362 745 Scaliger,
389 688 456 727 cum
477 687 573 748 eoque
594 668 804 729 Lachmannus
826 677 856 728 et
872 669 1031 747 Hauptius,
1053 670 1207 729 verissima

116 763 275 833 praeterea
291 753 329 812 N.
345 753 464 812 Heinsii
483 752 687 813 emendatione
700 757 781 812 iatiuc
798 765 992 831 tequaquam
1009 751 1036 813 Ο
1055 753 1208 817 confirmat

116 842 302 913 instincteque
331 837 489 916 praebens,
521 837 687 917 adsumpta,
719 847 785 918 post
814 838 937 898 verbum
970 846 1067 898 autem
1096 841 1207 896 reducis

119 931 268 984 commate
290 924 393 1002 posito.
438 925 578 982 orationis
601 923 860 982 conformationem
877 931 956 982 recte
974 923 1135 1001 explicavit
1152 921 1207 1000 Sy-

120 1008 229 1068 dovius
249 1010 276 1066 7.
294 1039 336 1049 -
357 1008 395 1064 18
413 1018 532 1065 eatremo
549 1008 587 1080 V,
606 1007 686 1087 quod
703 1011 766 1068 sine
782 1007 891 1067 idonea
909 1027 998 1067 causa
1015 1007 1112 1066 adhuc
1129 1026 1207 1085 spre-

117 1101 185 1153 tum
202 1093 275 1152 mihi
291 1091 417 1164 videtur,
436 1112 502 1151 cum
520 1100 549 1152 et
566 1091 605 1151 ad
623 1095 799 1153 sententiam
816 1112 864 1152 me
880 1092 979 1152 iudice
996 1100 1150 1172 peraptum
1168 1094 1206 1151 sit

118 1197 220 1257 neque
240 1179 308 1236 usui
330 1179 472 1236 sermonis
489 1186 646 1256 repugnet.
695 1177 771 1238 conf.
797 1180 830 1236 in
855 1180 962 1257 primis
979 1178 1055 1257 Nep.
1078 1177 1206 1236 Hamilc.

120 1264 151 1334 2,
171 1264 198 1320 3.
238 1272 385 1321 ectreucaru
404 1279 421 1328 ς
438 1283 499 1321 non
516 1263 600 1336 nulli,
617 1265 696 1322 inter
713 1282 786 1343 quos
800 1263 867 1335 DL,
885 1272 914 1322 et
930 1265 972 1321 ita
988 1263 1205 1334 Lachmannus,

118 1347 280 1425 Hauptius.
318 1366 422 1406 verum
440 1346 496 1419 dei,
521 1349 545 1406 si
563 1367 650 1426 quem
669 1347 706 1406 ab
728 1351 793 1427 ipso
810 1349 911 1407 mortis
933 1346 1035 1407 limine
1052 1347 1092 1406 ad
1113 1349 1206 1406 vitam

118 1439 264 1491 revocant
275 1462 317 1474 —
331 1432 390 1490 alia
404 1440 501 1490 autem
517 1434 663 1491 sententia
679 1433 777 1492 verbis
794 1441 899 1511 poetae
917 1433 1049 1492 subiecta
1065 1451 1129 1492 esse
1145 1453 1207 1492 nen

118 1524 276 1597 potest-7
296 1525 456 1576 extremam
471 1519 499 1575 ei
514 1536 599 1594 opem
616 1517 693 1577 ferre
708 1517 767 1576 dici
784 1525 943 1596 nequeunt.
969 1519 1078 1596 itaque,
1097 1519 1123 1576 si
1140 1519 1207 1595 quis

121 1609 269 1662 servatam
285 1621 304 1659 a
320 1601 407 1660 nobis
429 1603 605 1680 optimorum
626 1601 767 1662 librorum
789 1602 945 1662 lectionem
965 1604 1075 1675 reiciat,
1094 1605 1121 1662 ei
1139 1623 1206 1661 cum

119 1689 230 1746 maiore
247 1693 331 1765 parte
344 1686 523 1764 reliquorum
537 1686 724 1746 scribendum
738 1689 794 1746 erit
806 1697 937 1760 eutrcuaa,
955 1686 1036 1766 qnod
1052 1695 1119 1764 post
1132 1686 1206 1746 alios

119 1771 317 1831 Baehrensius
339 1779 369 1830 et
394 1771 501 1830 Munro
524 1773 586 1830 crit.
606 1773 667 1830 206
693 1771 902 1850 probaverunt.
950 1779 1039 1851 atque
1061 1771 1138 1830 dixit
1160 1793 1207 1829 eu-

120 1867 209 1914 trema
225 1859 279 1914 iam
297 1859 325 1913 iu
342 1866 429 1913 morte
445 1856 595 1932 Vergilius
612 1855 688 1916 Aen.
706 1856 741 1915 II
758 1858 820 1915 447
839 1864 868 1916 et
884 1856 934 1914 XI
952 1857 1022 1915 846.
1058 1856 1206 1916 sedidem

120 1959 160 2001 ne
178 1934 301 2001 catuna
312 1941 448 2013 tribuam,
468 1941 603 2019 prohibet
619 1959 667 2000 me
684 1941 846 2020 pronomen
863 1945 929 2017 ipeu
945 1941 984 2000 ad
1001 1960 1104 2001 vocem
1121 1953 1207 1998 morte

120 2025 159 2084 ab
186 2043 220 2084 eo
247 2024 388 2084 additum.
406 2057 447 2066 -
465 2029 530 2101 ipra
556 2029 584 2083 iu
609 2025 688 2086 Itali.
733 2029 823 2103 ipsam
839 2026 876 2085 V.
912 2029 978 2102 ipsa
998 2044 1016 2085 e
1036 2028 1097 2087 suis
1122 2026 1206 2086 libris

118 2110 338 2183 Lachmannus,
364 2113 495 2189 itemque
515 2111 673 2188 Hauptius.
695 2143 737 2152 -
760 2111 847 2169 19ss.
871 2113 1034 2170 orationem
1058 2117 1137 2170 recte
1163 2109 1206 2168 di-

119 2197 228 2254 stinxit'
242 2194 448 2254 Baehrensius.
484 2196 560 2254 conf.
575 2195 728 2256 Vahlenus
746 2198 778 2254 in
795 2213 923 2275 prooem.
945 2195 1006 2254 ind.
1024 2195 1089 2255 lect
1107 2195 1207 2255 Barol.

119 2287 191 2340 acet.
212 2281 303 2351 1880,
321 2300 349 2357 p.
370 2281 417 2338 10.
457 2282 642 2340 enuntiatum
658 2281 792 2340 versibus
811 2283 849 2338 21
869 2288 899 2340 et
916 2281 956 2337 22
975 2281 1206 2360 conprehensum

119 2384 158 2424 ex
184 2365 358 2443 imperativo
385 2366 521 2441 adspicite
549 2365 686 2444 pendere,
717 2366 810 2425 verba
835 2372 934 2425 autem
961 2376 986 2423 et
1013 2369 1039 2422 ei
1062 2369 1147 2424 uitam
1163 2397 1207 2408 —-

114 2452 319 2526 perniciemque
344 2451 409 2507 ruiti
432 2456 582 2529 tamquam
608 2450 798 2529 parenthesin
823 2452 996 2529 interposita
1022 2469 1085 2510 esse
1110 2450 1206 2510 voluit

118 2533 337 2606 Lachmannus,
356 2535 439 2593 cuius
456 2537 599 2595 rationem
613 2535 762 2614 Hauptius
781 2543 896 2596 secutus
914 2545 966 2595 est.
984 2566 1027 2576 -
1046 2537 1085 2592 21
1105 2537 1207 2593 etmihi

119 2626 264 2679 commate
288 2621 384 2697 posito
408 2628 476 2698 post
499 2621 565 2677 milri
588 2620 794 2679 Baehreneius.
836 2621 880 2678 laci
905 2621 971 2678 milri
994 2620 1204 2680 Lachmannue

118 2705 335 2782 Hauptiueque.
371 2723 420 2762 eeu
436 2705 501 2762 milei
517 2703 640 2764 codices.
687 2745 689 2750 -

181 2788 321 2847 LXXIX
345 2791 362 2846 1
387 2795 417 2848 et
439 2789 458 2848 3
476 2792 577 2865 pulcer
595 2788 630 2849 0.
669 2791 788 2865 pulcher
804 2789 963 2868 Hauptius.
980 2819 1024 2830 —
1041 2791 1061 2848 4
1079 2801 1206 2848 uotorum

119 2872 156 2946 0,
184 2872 263 2952 quod
288 2873 359 2932 olim
390 2875 558 2933 coniectura
584 2876 713 2934 restituit
738 2873 879 2952 Scaliger.
927 2885 1056 2932 autorum
1082 2873 1112 2934 G
1137 2893 1203 2934 cunr

117 2959 248 3037 reliquis,
275 2966 305 3017 et
330 2959 374 3017 sic
393 2957 611 3030 Lachmauuue,
638 2959 796 3038 Hauptius.
839 2977 944 3018 verum
967 2979 1028 3018 non
1053 2961 1125 3032 nati,
1152 2958 1205 3019 sed

117 3046 181 3104 noti
198 3051 266 3122 apte
280 3042 419 3101 dicuntur
430 3043 533 3103 Lesbii
546 3063 578 3102 oe
595 3046 734 3123 inpurum
747 3043 946 3117 reformidare,
965 3043 1112 3123 habetque
1130 3041 1204 3104 haec

116 3129 206 3189 lectio
223 3127 402 3207 praesidium
420 3148 439 3186 a
452 3127 603 3188 Ciceronis
621 3131 754 3188 oratione
769 3149 823 3207 pro
837 3128 934 3188 Sestio
951 3126 968 3206 ξ
986 3131 1061 3188 111:
1078 3131 1103 3188 ia
1120 3124 1204 3204 (Gel-

116 3213 179 3273 lius
192 3213 228 3272 P.
246 3211 346 3272 Clodii
368 3211 492 3289 amicus)
515 3215 549 3271 de
569 3234 612 3271 rue
633 3215 797 3290 euffruqiuru
814 3216 888 3286 tulit,
909 3216 934 3272 ie
952 3215 1054 3287 adfuit,
1077 3217 1102 3274 ia
1118 3217 1203 3274 iuter

115 3301 171 3372 fuit
192 3299 281 3374 epulis
303 3307 329 3356 et
348 3299 580 3372 praeclarioribus
599 3301 824 3370 parricidarum
850 3299 881 3358 iu
906 3318 959 3374 quo
986 3308 1075 3358 tamen
1096 3309 1137 3359 eet
1161 3320 1203 3359 me

117 3386 202 3456 uuae,
223 3401 292 3440 cum
309 3385 370 3441 illo
387 3402 443 3442 ore
459 3385 612 3442 inimicae
628 3393 678 3442 est
695 3402 780 3441 meos
798 3385 964 3442 saciatus.

181 3467 321 3526 LXXXI
339 3468 358 3526 3
376 3469 411 3528 ab
428 3470 493 3528 aede
510 3468 546 3527 V.
582 3489 601 3527 a
619 3470 684 3526 cede
701 3485 727 3541 ς,
745 3476 776 3527 et
791 3469 833 3528 ita
849 3467 1008 3548 Hauptius.

180 3551 355 3612 LXXXIII
377 3553 396 3610 2
423 3554 490 3612 laec
516 3549 589 3630 (lec)
616 3553 653 3612 V.
697 3553 747 3610 loc
773 3573 791 3620 ς
816 3553 958 3634 plerique,
983 3552 1201 3628 Lachmannus,

117 3637 277 3716 Hauptius.

181 3721 349 3780 LXXXVI
366 3721 386 3781 5
403 3725 575 3798 pulcerrima
591 3722 720 3784 Ellisiua
760 3726 916 3800 pulcer-ima
938 3721 974 3783 Ο.
1013 3723 1207 3800 pulcherrirna

116 3806 276 3884 Hauptius.
295 3837 338 3847 ——-
356 3807 374 3864 6
394 3809 480 3864 amuis
497 3805 534 3867 Ο.
569 3826 660 3864 amnes
677 3807 836 3887 Hauptius.
938 3853 940 3858 .

180 3889 386 3956 LXXXVIII
402 3894 422 3950 4
441 3893 539 3966 ecquid
554 3898 640 3950 vetus
658 3902 808 3952 corrector.
850 3903 875 3950 et
893 3894 961 3968 quid
977 3892 1014 3952 V.
1056 3903 1081 3951 et
1099 3897 1147 3968 qui
1162 3894 1203 3956 D.

115 3974 198 4036 unde
215 3975 293 4051 ecqui
307 3975 519 4035 Lachmannus
536 3976 753 4056 Hauptiusque

179 4059 276 4120 XO5
304 4071 404 4135 pratus
429 4061 464 4120 L.
491 4061 653 4121 Muellerus
678 4061 800 4140 praefat.
826 4060 994 4134 XXXVII,
1021 4061 1109 4142 quod,
1136 4085 1203 4124 cum

114 4151 180 4226 ipse
197 4144 358 4207 Muellems
379 4148 502 4207 invento
525 4167 577 4207 suo
599 4148 643 4205 uti
665 4148 843 4220 nescivisset,
865 4166 918 4206 suo
935 4149 999 4208 iure
1020 4151 1052 4208 in
1071 4148 1207 4218 ordinem,

1005 4243 1034 4284 1*
