2968 4990
258 371 296 413 ox
638 366 816 410 snuornrro
839 355 960 410 ouirros

257 487 409 551 Vahlenus
430 489 464 548 in
484 489 632 568 prooemio
649 485 711 546 ind.
728 485 796 546 lect.
814 488 916 546 aestiv.
935 485 1031 546 Berol.
1050 505 1076 546 a.
1097 487 1188 562 1882,
1206 509 1234 567 p.
1256 489 1288 548 7.
1308 521 1358 535 -·

260 577 300 633 24
318 576 465 632 ncmreimo
482 572 560 632 Itali.
587 574 732 630 nouissime
748 571 786 644 V,
805 578 835 632 et
852 573 894 631 sic
910 570 1121 633 Lachmannus
1139 581 1168 633 et
1184 574 1356 652 Hauptius.

259 658 310 720 sed
328 659 403 718 haec
418 657 506 719 lectio
523 661 584 717 iam
600 677 619 715 e
635 657 671 715 R.
681 656 802 716 Klotzio
818 655 930 717 emend.
950 656 1014 717 Cat.
1032 678 1060 736 p.
1074 658 1106 716 X
1123 659 1197 732 iure,
1214 661 1272 718 etsi
1286 679 1356 718 non

259 747 330 804 satis
352 743 516 815 commode,
542 745 715 820 impugnata.
755 741 847 800 verba
869 760 928 799 cum
949 745 1054 800 veniret
1069 775 1113 784 -
1134 746 1226 802 lacum
1252 748 1357 803 meni-

258 829 366 889 festum
384 835 427 888 est
441 826 479 886 ad
497 825 665 903 augendam
677 825 791 904 phaseli
807 825 927 885 laudem
940 825 1058 887 adiecta
1071 845 1148 887 esser
1167 847 1356 908 quamquam

258 915 462 990 longissimum
480 915 537 971 iter
552 910 623 971 inde
640 911 769 971 aPonto
782 911 902 970 Euxino
919 931 1012 992 usque
1030 912 1069 971 ad
1081 911 1180 972 laeum
1190 913 1356 973 'Benacum

260 1016 395 1058 emensus
413 1003 465 1069 est,
483 1004 584 1056 temen
600 1016 763 1076 numquam
779 995 884 1056 habuit
897 1016 949 1055 cur
963 995 1026 1056 deis
1043 1001 1245 1074 navigationis
1261 1019 1355 1076 prae-

259 1082 372 1142 sidibus
390 1089 460 1142 vota
475 1081 592 1154 feceret,
611 1101 678 1140 cum
695 1099 733 1140 ne
751 1080 842 1140 semel
858 1080 979 1160 quidem
995 1084 1028 1140 in
1045 1082 1196 1160 naufragii
1211 1084 1354 1162 periculo
1464 1109 1465 1130 1

258 1175 434 1228 versaretur.
476 1166 551 1227 haec
580 1169 726 1226 sententia
752 1169 917 1226 necessario
942 1165 993 1224 hic
1022 1170 1192 1245 requiritur,
1218 1187 1354 1248 eamque

259 1256 405 1311 nouissimo
423 1259 561 1331 praestat,
579 1271 640 1310 non
657 1253 812 1324 novissime,
834 1248 914 1330 quod
931 1251 1055 1311 mirifice
1071 1255 1194 1330 insuper
1210 1252 1351 1330 languet,

258 1357 352 1418 aeque
369 1357 405 1396 ec
421 1336 501 1397 nude
516 1329 739 1415 positum‘illud
755 1357 775 1393 a
790 1339 873 1392 mari.
907 1335 1015 1395 Munro
1033 1356 1061 1415 p.
1082 1339 1120 1395 16
1130 1356 1152 1395 s.
1171 1337 1285 1398 multus
1305 1349 1357 1399 est

257 1427 291 1483 in
309 1421 495 1483 defendendo
514 1420 662 1493 adverbio,
681 1419 732 1480 sed
748 1419 866 1480 frustra.

321 1508 351 1566 V
369 1508 408 1565 13
432 1511 498 1566 sciet
519 1506 627 1584 aliquis
652 1504 803 1564 Italorum.
839 1508 910 1564 sciat
932 1504 970 1579 V,
993 1512 1023 1566 et
1044 1507 1086 1565 sic
1102 1505 1254 1585 Hauptius
1277 1527 1353 1568 eum

257 1592 413 1673 plerisque.
444 1589 566 1652 utillud
584 1593 710 1649 orationi
723 1589 911 1651 Catullianae
928 1591 1023 1666 magis
1042 1595 1181 1650 convenit
1197 1591 1353 1652 firmatur·

258 1696 316 1756 que
334 1679 464 1735 carmine
480 1679 601 1754 priapeo
618 1674 680 1733 LII
699 1677 748 1748 12,
771 1683 804 1734 ut
825 1682 904 1735 recte
925 1674 1038 1734 iudicat
1053 1675 1251 1736 Buechelerus
1269 1697 1354 1738 mue.

257 1761 353 1822 Rhen.
363 1761 474 1820 XVIH
487 1761 557 1818 401.
585 1758 765 1839 praecedens
777 1762 896 1818 aciamus
910 1767 1006 1838 potest
1019 1780 1109 1820 causa
1122 1765 1227 1820 erroris
1240 1760 1351 1823 fuisse.

321 1846 404 1905 VI‘l
431 1846 592 1920 ecquidnam
615 1837 749 1903 tacitum?
784 1847 870 1903 cubile
892 1863 955 1921 ego.
997 1847 1101 1920 nequid
1125 1866 1208 1920 quam
1229 1850 1353 1905 tacitum

260 1933 346 1989 cubile
362 1929 398 2004 Ο,
417 1934 597 2006 nequicquam
615 1939 635 1987 t.
656 1948 679 1988 c.
699 1928 737 2004 G,
755 1933 844 1990 etsie
862 1949 929 1989 eum
945 1929 1093 2009 plerisque
1105 1930 1266 2010 Hauptius,
1284 1936 1351 1992 nisi

258 2016 337 2096 quod
358 2019 524 2092 nequiquam
544 2018 682 2094 reposuit.
718 2014 770 2074 sed
792 2034 850 2095 quo
868 2013 954 2074 modo
973 2017 1086 2073 tacitum
1102 2015 1162 2074 dici
1183 2019 1277 2095 possit
1294 2037 1351 2076 cu-

256 2101 317 2162 bile
349 2105 433 2160 cuius
464 2105 604 2176 arqutatic
630 2102 861 2174 inambulatioque
885 2106 988 2178 postea
1014 2111 1257 2160 commemoratur
1281 2122 1350 2162 non

257 2186 352 2246 video.
388 2205 484 2266 neque
504 2193 599 2265 poeta,
622 2189 656 2260 si,
679 2192 712 2245 ut
733 2192 861 2264 putatur,
885 2204 1027 2262 oxymoro
1049 2184 1099 2244 hic
1124 2189 1169 2244 uti
1191 2184 1347 2260 voluisset,

257 2290 381 2331 acumen
403 2275 466 2331 eius
487 2270 655 2348 infregisset
679 2274 844 2346 nequiquam
865 2269 1009 2329 vocabulo
1032 2266 1141 2330 addito.
1186 2274 1349 2348 seiungen-

257 2356 328 2415 dum
353 2374 417 2414 esee
443 2359 555 2414 tacitum
577 2375 596 2414 a
615 2357 735 2414 nomine
761 2354 840 2434 quod
866 2356 996 2434 sequitur
1020 2375 1082 2414 non
1107 2353 1266 2415 defuerunt
1290 2359 1347 2436 qui

256 2441 464 2520 perspicerent,
479 2438 531 2498 sed
544 2438 660 2516 prolata
674 2439 711 2498 ab
725 2441 767 2498 eis
780 2439 979 2518 inprobabilia
992 2443 1099 2512 omnia,
1109 2439 1348 2520 Baehrensiique

259 2531 456 2584 commentum
472 2526 526 2580 vix
541 2523 733 2600 intellegitur.
760 2542 816 2600 ego
834 2523 913 2604 quod
931 2527 1034 2602 scripsi
1052 2527 1216 2586 sententiae
1231 2530 1350 2605 pariter

257 2617 287 2669 et
309 2611 436 2667 orationi
458 2611 529 2667 satis
551 2607 648 2668 facere
669 2610 813 2668 existimo.
852 2608 892 2668 ad
913 2608 1038 2668 formam
1061 2613 1203 2669 orationis
1220 2610 1297 2670 conf.
1317 2631 1346 2670 c.

256 2693 379 2753 LXXX
398 2694 425 2753 7.
451 2695 628 2772 pronomina
645 2695 802 2768 ecquisnam
819 2702 848 2753 et
865 2697 1007 2770 ecquinam
1023 2715 1042 2754 a
1058 2693 1189 2754 librariis
1205 2703 1349 2775 corrupta

257 2784 347 2840 etiam
368 2777 511 2837 XXVIII
530 2779 547 2836 6
567 2785 596 2838 et
612 2779 645 2838 X
663 2780 691 2838 8.
713 2809 755 2820 -
778 2781 796 2837 9
820 2788 846 2836 et
866 2780 918 2838 lac
940 2788 965 2837 et
986 2781 1053 2838 illac
1070 2799 1134 2856 ego.
1170 2779 1247 2839 conf.
1266 2779 1293 2839 L
1310 2781 1347 2840 5.

256 2875 282 2923 et
303 2865 351 2922 lec
369 2862 449 2941 (eser.
467 2859 523 2939 lic)
541 2873 567 2922 et
588 2865 636 2922 illo
654 2861 737 2939 (eser.
754 2860 813 2938 ille)
831 2862 868 2924 G.
904 2873 931 2923 et
947 2865 1014 2922 laec
1032 2873 1057 2924 et
1074 2867 1123 2923 illo
1140 2862 1177 2924 Ο.
1212 2874 1238 2922 et
1254 2865 1298 2922 luia
1315 2876 1349 2924 et

256 2953 303 3009 ille
318 2949 528 3009 Lachmannue
546 2956 576 3009 et
592 2948 742 3026 Hauptius
761 2968 799 3009 ex
814 2949 853 3007 D.
871 2979 914 2990 ·-
933 2949 972 3006 12
990 2952 1046 3006 iam
1067 2959 1097 3007 tu
1118 2952 1175 3008 ieta
1196 2952 1258 3025 ipre
1274 2951 1349 3009 nita

255 3038 334 3093 valea
352 3045 443 3093 tacere
461 3036 573 3114 scripsi.
613 3055 678 3092 nam
699 3036 784 3092 inista
806 3031 849 3110 (ni
864 3036 921 3091 ieta
938 3031 978 3110 G)
1000 3037 1127 3109 prevalet
1144 3036 1228 3092 niclil
1250 3044 1349 3092 tacere

255 3119 293 3180 V.
332 3141 396 3178 nam
417 3122 688 3195 attemperanda,
714 3119 792 3191 nicil,
814 3128 835 3176 t.
858 3119 967 3198 partim
994 3118 1031 3178 de
1053 3118 1212 3196 scaligeri,
1233 3123 1345 3198 partim

256 3204 294 3265 de
309 3204 496 3264 Lachmanni
519 3208 688 3264 coniectura
704 3203 863 3281 Harpina,
886 3222 974 3283 quem
994 3204 1129 3283 plerique
1145 3207 1344 3264 recentiorum

256 3292 349 3348 secuti
369 3296 447 3348 sunt.
482 3309 585 3348 verum
602 3287 679 3348 illud
696 3309 760 3347 nam
777 3289 803 3347 si
819 3290 970 3361 retinetur,
993 3291 1187 3366 interrogatio
1206 3308 1281 3369 quae
1296 3307 1343 3349 se-

255 3377 358 3453 quitur
377 3371 450 3450 quid
470 3373 528 3432 sibi
548 3375 622 3433 velit
643 3393 705 3434 non
724 3372 874 3450 intellego.
910 3371 1018 3434 deinde
1040 3385 1143 3450 stupra
1163 3383 1282 3453 poetam
1302 3393 1347 3436 ne

255 3477 308 3538 per
324 3459 422 3516 iocum
443 3455 564 3536 quidem
579 3458 680 3518 Flavii
703 3476 817 3517 amores
834 3477 940 3517 vocare
960 3462 1092 3537 potuisse
1108 3459 1203 3520 eredo.
1240 3462 1345 3520 omitto

256 3545 324 3604 alia.
361 3541 484 3621 adparet
500 3548 599 3601 autem
612 3541 764 3603 Catullum
776 3545 901 3602 transire
914 3541 964 3602 hic
976 3542 1015 3601 ad
1032 3563 1142 3603 novam
1154 3547 1345 3616 sententiam,

254 3629 293 3689 ad
310 3628 436 3688 alterum
452 3627 556 3685 furtivi
574 3630 682 3686 amoris
699 3626 857 3687 indicium:
876 3627 954 3686 dixit
971 3627 1009 3688 de
1025 3628 1131 3688 habitu
1147 3629 1262 3703 cubilis,
1279 3632 1345 3688 iam

254 3714 294 3774 ad
315 3717 445 3792 eorporis
465 3711 602 3771 habitum
623 3713 716 3791 ipsius
738 3713 825 3772 amici
845 3715 952 3790 pergit,
974 3714 1027 3792 qui
1047 3716 1189 3773 transitus
1212 3735 1274 3774 non
1290 3734 1345 3793 po-

253 3806 330 3860 terat
351 3819 412 3858 non
433 3800 499 3876 ipsa
521 3800 663 3858 orationis
684 3796 780 3858 forma
801 3797 971 3874 significari.
1012 3798 1196 3877 synaloepha
1217 3801 1251 3859 in
1275 3799 1344 3858 basi

253 3882 569 3962 hendecasyllaborum
591 3885 709 3962 saepius
731 3881 860 3942 admissa
876 3890 928 3957 est,
950 3885 1106 3964 ipsumque
1126 3881 1159 3942 id
1177 3883 1257 3963 quod
1274 3904 1345 3943 con-

253 3973 366 4030 iectura
389 3972 423 4028 in
448 3968 528 4029 huno
553 3967 650 4028 locum
675 3968 763 4028 intuli
789 3967 880 4026 habes
903 3987 928 4026 c.
946 3966 979 4025 X
997 3969 1046 4026 33.
1085 3971 1160 4027 valet
1184 3988 1238 4046 pro
1264 3971 1346 4027 valer

254 4071 348 4129 genus
367 4055 471 4114 erroris
493 4053 571 4112 haud
595 4072 694 4113 rarum
710 4057 744 4112 in
765 4053 850 4112 libris
869 4051 1055 4114 Catullianis.
1091 4052 1151 4113 vid.
1171 4053 1307 4133 exempla
1324 4073 1346 4112 a

253 4138 401 4200 IIunroue
417 4159 447 4218 p.
466 4138 505 4196 27
524 4138 656 4200 collecta
