2968 4990
287 383 344 428 <tvl
722 379 949 424 PROLEGOIOENA

293 501 426 582 Hauptio
456 497 598 560 librorum
627 500 797 560 memoriam
827 499 1008 560 restituendo
1039 500 1103 559 sive
1134 500 1315 577 scripturam
1341 499 1392 560 illi

294 589 427 666 ignotam
445 603 483 645 ex
500 585 617 664 optImis
634 583 764 643 fontibus
782 585 950 663 recipiendo
965 587 1037 657 sive,
1056 583 1136 662 quod
1152 586 1307 644 rarissime
1325 583 1392 644 fac·

293 681 365 746 turn,
388 671 584 732 oonieotnrsm
606 668 656 728 vel
678 687 762 728 suam
783 668 832 728 vel
853 669 979 729 aliorum
999 667 1163 729 inferendo.
1201 671 1308 748 itaque
1332 690 1391 730 nos
1475 687 1476 724 ι

294 761 326 820 in
344 753 535 816 adnotatione
552 755 654 814 critica
675 753 738 813 lero
759 771 810 813 eos
826 760 943 814 tantum
958 753 1039 814 locos
1055 753 1253 814 indicavimus
1271 753 1391 832 quibus

295 841 334 904 sb
352 839 477 918 Hauptii
499 837 629 900 editione
646 840 732 897 tertia
752 839 933 913 recessimus,
951 841 1133 916 argumentis
1150 841 1266 912 nostris,
1285 839 1391 900 sicubi

293 923 491 988 necesssrium
512 925 610 984 visum
627 929 679 995 est,
701 923 801 1003 paullo
823 923 940 1002 plenius
961 926 1112 1003 expositis.
1147 943 1203 983 nec
1225 925 1389 985 omisimus

293 1013 351 1074 nlsi
368 1006 533 1070 levidensis
550 1006 696 1087 quaedam
713 1011 899 1087 maximeque
914 1027 950 1068 ea
963 1028 1040 1088 quae
1053 1007 1092 1068 ad
1105 1017 1249 1068 mutatam
1266 1009 1389 1089 aliquo-

293 1097 372 1156 tiens
385 1091 498 1154 anobis
511 1092 653 1154 incolumi
661 1096 807 1152 sententie
815 1092 1033 1154 distinctionem
1045 1095 1202 1172 pertinent.
1228 1094 1388 1154 interdum

293 1187 392 1240 tamen
410 1177 498 1240 etism
517 1177 635 1254 longius
652 1179 800 1258 progressi
812 1180 997 1238 coniecturae
1011 1198 1100 1258 quam
1116 1180 1149 1238 in
1161 1177 1298 1238 ordinem
1317 1199 1387 1238 ver-

293 1265 396 1328 borum
413 1265 543 1344 recipere
560 1262 708 1322 noluimus
726 1262 788 1322 illic
804 1265 983 1323 mentionem
1001 1262 1124 1322 fecimus
1142 1271 1194 1323 aut
1210 1263 1312 1322 locum
1331 1285 1387 1324 no-

292 1350 337 1413 bis
351 1355 517 1430 suspectum
531 1366 595 1408 esse
608 1347 841 1424 significavimus
859 1354 911 1407 aut
926 1346 1063 1407 traditam
1082 1349 1257 1427 scripturam
1275 1357 1387 1410 sonna

292 1437 468 1500 mutationes
487 1432 722 1494 dubitationesve
738 1435 933 1510 recentiorum
950 1431 1136 1493 defendimus
1154 1440 1206 1492 aut
1222 1433 1308 1492 aliud
1327 1434 1385 1494 ali-

291 1519 364 1602 quid
386 1539 444 1600 quo
465 1520 534 1579 crisi
552 1515 738 1578 Catullianso
760 1517 898 1596 prodesse
920 1517 1087 1578 videremur
1109 1520 1142 1578 in
1158 1516 1290 1578 medium
1314 1539 1384 1598 pro·

291 1605 420 1668 tulistus.
457 1609 595 1674 ceterum,
619 1604 674 1664 etsi
689 1601 817 1680 Hauptii
838 1605 1078 1680 recognitionem,
1096 1610 1130 1662 ut
1146 1602 1285 1676 diximus,
1307 1603 1384 1664 huic

292 1689 415 1752 edltlonl
437 1695 588 1767 tamquam
605 1685 831 1746 fundsmentum
847 1687 1068 1762 substravimus,
1087 1695 1187 1748 tamen
1203 1696 1305 1748 nostro
1325 1710 1382 1750 nos

292 1773 400 1836 iudicio
419 1771 528 1852 ubique
547 1775 661 1832 stetisse
673 1774 875 1852 unusquisque
889 1772 977 1833 facile
993 1775 1128 1852 reperiet
1164 1780 1193 1833 et
1209 1775 1271 1832 iam
1288 1783 1383 1834 aucta

292 1860 409 1922 interim
431 1861 501 1918 artis
526 1858 644 1918 criticae
666 1856 798 1918 subsidia
819 1861 852 1917 in
874 1877 963 1917 causa
988 1857 1108 1918 fuerunt
1129 1878 1181 1918 cur
1201 1861 1323 1938 saepius
1342 1861 1380 1920 ab

291 1943 344 2008 llla
369 1941 565 2006 recedendum
591 1951 674 2004 esset.
713 1941 753 2002 ad
774 1942 1001 2022 orthographica
1025 1942 1105 2022 quod
1131 1945 1245 2016 attinet,
1273 1964 1380 2024 quam·

290 2049 380 2112 quam
407 2027 524 2108 singuls
547 2029 618 2089 satis
640 2027 734 2088 multa
755 2029 930 2106 optimorum
956 2027 1091 2087 codicum
1117 2028 1182 2086 nixi
1206 2031 1379 2090 testimonio

291 2118 474 2188 noverimus,
497 2121 596 2176 tamur
617 2115 649 2174 in
666 2115 837 2174 universum
853 2115 982 2173 rationes
999 2112 1125 2192 Hauptii
1147 2133 1207 2173 non
1224 2117 1379 2193 potuimus

290 2221 351 2264 non
372 2199 541 2282 adprobare.
577 2217 664 2278 quem
685 2199 741 2260 hoc
761 2200 890 2258 maxims
911 2197 1056 2258 studuisse
1077 2196 1201 2276 adparet
1216 2206 1249 2256 ut
1270 2204 1379 2278 paucis

289 2307 412 2368 quorum
434 2293 464 2348 et
485 2285 591 2348 certior
612 2283 685 2346 fides
707 2291 737 2346 et
758 2283 917 2344 insolentia
938 2286 1033 2343 minor
1054 2291 1131 2342 esset
1151 2301 1168 2342 e
1190 2286 1286 2362 prisco
1304 2289 1379 2344 scri·

290 2371 380 2432 bandi
398 2389 478 2432 more
495 2373 675 2430 conservatis
693 2371 793 2428 omnia
810 2387 885 2449 quae
902 2367 1051 2428 horridam
1068 2370 1274 2448 antiquitatem
1291 2369 1379 2430 redo

290 2456 386 2516 lerent
408 2456 446 2516 ab
468 2454 687 2532 elegantissimo
708 2463 796 2533 poeta
815 2453 919 2533 procul
940 2453 1061 2513 haberet
1082 2461 1112 2512 et
1133 2453 1194 2513 fere
1215 2454 1378 2516 verborum

290 2543 464 2620 scripturam
481 2557 548 2600 eam
569 2557 645 2617 qnae
663 2538 793 2616 Augusti
814 2546 944 2618 tempore
965 2542 998 2598 in
1015 2537 1121 2598 litteris
1138 2538 1256 2598 Latinis
1273 2539 1379 2602 valere

289 2627 433 2704 inciperet
449 2629 688 2703 repraesentaret
718 2643 788 2682 nam
804 2623 1043 2702 orthographiam
1061 2623 1261 2684 Catullianam
1277 2628 1378 2702 ipsam

291 2729 329 2772 ex
360 2709 444 2769 libris
474 2709 582 2768 nostris
611 2708 776 2768 recentibus
806 2708 1055 2787 multifariamque
1081 2708 1250 2787 depravatis
1275 2709 1376 2770 redin-

289 2804 407 2874 tegrare
424 2792 502 2854 velle
524 2793 643 2852 omnino
661 2794 760 2852 irritus
777 2793 861 2853 labor
877 2802 929 2854 est.
964 2793 1085 2872 quodsi
1108 2796 1174 2872 quis
1191 2793 1376 2871 adgreditur,

288 2881 354 2943 fieri
371 2899 432 2942 non
450 2885 545 2958 potest
561 2879 635 2956 quin
652 2879 684 2937 in
701 2877 865 2937 litterarum
882 2878 1015 2957 apicibus
1032 2877 1174 2938 rimandis
1191 2897 1279 2959 saepe
1295 2878 1377 2940 ludi-

287 2966 393 3028 licetur
413 2981 582 3042 meramque
603 2963 796 3041 corruptelam
821 2983 875 3042 pro
900 2972 1034 3024 vetustae
1059 2965 1220 3042 scripturae
1246 2966 1376 3042 vestigio

288 3052 399 3112 habeat
416 3057 445 3109 et
463 3047 580 3108 Catullo
597 3046 735 3108 obtrudat
756 3047 864 3108 formas
881 3069 900 3108 a
917 3048 1069 3108 voluntate
1085 3051 1141 3108 τῶν
1158 3044 1302 3124 νεωτέρων
1320 3050 1377 3110 ab·

288 3137 450 3207 horrentes,
475 3131 508 3192 id
533 3131 701 3212 quodcum
724 3132 791 3193 aliis
815 3141 879 3194 tum
899 3135 1028 3193 maxime
1048 3133 1228 3194 Baehrensio
1256 3133 1374 3196 accidit

288 3241 348 3302 qus
364 3223 396 3280 in
413 3237 446 3278 rs
463 3216 630 3276 mirandum
648 3225 691 3278 est
708 3217 795 3298 quod,
815 3238 881 3278 cum
895 3217 1029 3297 cupidius
1045 3226 1164 3297 captent
1180 3238 1257 3299 quse
1273 3221 1375 3298 specie

286 3326 342 3366 sua
357 3308 484 3384 priscam
506 3301 655 3363 scribendi
676 3301 917 3364 consuetudinem
934 3302 1066 3364 indicare
1083 3303 1249 3378 videantur,
1270 3324 1374 3364 rursus

288 3409 353 3451 sero
376 3396 461 3448 natas
483 3389 729 3468 pravissimusque
746 3387 863 3461 formas,
886 3396 920 3448 ut
936 3391 1047 3461 sisoim,
1068 3391 1216 3468 patienter
1235 3388 1373 3449 tolerant

287 3477 379 3553 igitur
401 3471 586 3553 diphthongo
604 3475 629 3530 ci
648 3493 701 3552 pro
719 3472 836 3550 ilongs
853 3477 974 3552 positae,
997 3494 1057 3553 qua
1073 3474 1119 3533 illi
1137 3474 1259 3533 mirifice
1276 3473 1374 3536 delec-

287 3566 400 3633 tantur,
432 3576 488 3635 ego
515 3575 660 3636 nusquam
685 3557 783 3616 locum
809 3560 950 3631 concessi,
982 3577 1079 3638 neque
1104 3579 1128 3617 c.
1151 3559 1264 3618 XXXI
1285 3559 1303 3617 5
1331 3577 1374 3620 ex

286 3645 429 3706 librorum
446 3642 656 3722 depravatione
674 3643 807 3700 naniam
820 3653 902 3718 atquc
914 3645 1051 3702 Bithsnoe
1064 3643 1241 3704 eliciendum
1256 3647 1373 3723 putavi,

278 3749 384 3811 neque
399 3747 479 3802 vero,
497 3728 553 3787 etsi
568 3745 648 3801 quom
665 3746 690 3786 c
707 3727 813 3788 LXVI
831 3729 869 3786 79
888 3736 918 3788 et
934 3731 1049 3787 daroleit
1066 3749 1090 3788 c.
1107 3728 1217 3788 LXIII
1234 3728 1252 3787 5
1271 3737 1301 3789 et
1312 3733 1373 3788 volt

278 3838 311 3877 c.
329 3815 406 3876 LXI
423 3813 484 3873 209
503 3819 533 3872 et
548 3814 695 3870 volucrium
711 3831 736 3871 c.
750 3811 888 3874 LXVIII
907 3815 968 3872 124
985 3813 1073 3887 edidi,
1091 3814 1201 3893 ubique
1217 3833 1252 3872 ιιο
1269 3813 1320 3874 vel
1335 3833 1372 3874 uo

286 3921 339 3980 pro
357 3921 394 3957 ιιιι
411 3897 460 3960 vel
481 3896 708 3975 seponendum
730 3896 810 3972 duxi,
833 3919 1011 3978 quamquam
1029 3899 1179 3959 Catullum
1202 3905 1374 3959 constanter

287 3987 329 4044 sie
355 3985 506 4064 scripsisse
531 3989 615 4042 extra
641 3981 854 4044 dubitationem
884 4003 948 4044 esse
973 3983 1098 4044 videtur.
1136 3983 1210 4044 haec
1235 4003 1302 4043 cum
1327 3986 1374 4044 ita

286 4067 367 4148 apud
384 4087 431 4130 me
449 4070 674 4142 constituIssem,
692 4067 868 4149 simulatque
881 4068 920 4127 ad
937 4068 1100 4148 parandam
1117 4069 1194 4128 hanc
1211 4067 1373 4129 editionem

279 4153 465 4230 accederem,
483 4161 591 4231 tamen,
609 4175 677 4215 cnm
694 4153 802 4216 nollem
820 4153 1011 4216 meoiudicio
1030 4154 1085 4215 soli
1102 4153 1257 4229 confidere,
1275 4154 1373 4214 Fran-
