2954 4990
271 339 358 382 xxxn
705 337 933 382 PROIMGOMEM

272 463 354 520 niam
375 461 428 539 qui
453 455 610 518 muliebria
630 458 742 536 patitur
763 475 830 518 eum
855 476 909 536 per
929 476 961 518 se
981 457 1166 536 intellegitur
1185 458 1384 539 inpudicum

271 563 345 618 esse,
364 542 418 604 sed
433 542 473 602 atl
489 542 774 603 effeminatissimam
790 541 964 619 languorem
980 547 1109 622 pertinet
1126 564 1185 623 quo
1202 552 1291 624 poeta
1305 546 1382 604 Ro-

271 648 377 689 manos
398 628 566 688 Mamurrae
587 626 773 687 insolentiam
795 626 1002 708 luxuriamque
1023 636 1157 707 spectare
1179 649 1214 689 ac
1234 629 1380 690 tolerare

271 714 362 775 dolet.
401 713 537 792 denique,
565 731 632 771 cum
658 715 746 772 etiam
768 713 809 772 M.
831 712 955 772 Furium
976 713 1152 773 Bibaculum
1173 745 1216 756 -
1236 734 1266 772 v.
1288 715 1382 775 Tae.

272 799 373 859 annal.
387 799 434 859 IV
447 794 489 857 34
500 828 544 840 —-
557 805 588 856 et
602 796 635 857 C.
648 796 799 856 Licinium
813 795 940 856 Calvum
952 829 995 840 —
1008 817 1036 856 v.
1051 797 1131 858 Suet
1144 797 1201 857 Iul
1211 800 1252 858 49
1268 808 1300 858 et
1316 801 1382 858 73.

271 885 343 945 Son.
372 890 502 942 controv.
524 882 631 942 v114
652 876 729 957 (19),
755 903 784 963 p.
812 883 874 941 332
900 881 1009 942 Kiessl
1036 901 1103 942 cum
1129 883 1220 944 schol.
1244 883 1380 944 Lucani

272 967 716 1028 Pharsal.v11726-eius
737 966 819 1026 modi
841 971 972 1026 carmina
993 970 1026 1026 in
1049 968 1206 1029 Caesarem
1227 975 1259 1028 et
1274 968 1380 1028 Pom-

271 1056 374 1134 peium
400 1053 550 1131 scripsisse
566 1051 708 1111 traditum
729 1055 776 1124 sit,
803 1052 877 1130 quid
896 1051 1079 1130 probabilius
1101 1073 1191 1132 quam
1213 1051 1377 1114 Catullum

272 1142 307 1198 in
324 1138 429 1196 horum
447 1139 585 1198 societate
602 1137 716 1197 Romae
733 1144 763 1196 ct
780 1155 898 1197 carmen
911 1137 1023 1196 XXIX
1041 1144 1071 1196 ct
1086 1137 1203 1218 reliqua
1218 1137 1251 1196 id
1267 1157 1375 1214 genus

273 1224 414 1296 emisisse,
440 1224 613 1302 pracsertim
634 1241 702 1281 oum
727 1240 796 1282 eum
822 1241 936 1281 summa
956 1221 1155 1282 familiaritate
1177 1241 1244 1282 cum
1267 1222 1374 1284 Calvo

274 1312 465 1368 coniunctum
487 1307 578 1367 fuisse
601 1313 715 1367 constet
736 1302 826 1381 (conf.
845 1309 976 1367 carmina
991 1306 1071 1368 XIV
1086 1306 1113 1364 L
1130 1307 1208 1367 LIII
1225 1306 1374 1384 XCVD?

273 1411 372 1472 neque
388 1393 461 1452 mihi
479 1391 601 1452 dubium
619 1400 663 1451 est
680 1393 753 1471 quin
771 1390 891 1464 Calvus,
909 1412 970 1452 non
987 1391 1081 1452 solum
1097 1395 1124 1453 is
1140 1400 1237 1471 poeta,
1254 1401 1288 1453 ut
1307 1392 1374 1453 Ca·

273 1479 375 1551 tullus,
395 1477 447 1538 sed
465 1479 554 1536 etiam
572 1484 677 1549 orator,
700 1477 752 1555 qui
769 1497 836 1536 cum
853 1475 952 1536 media
968 1478 1001 1537 in
1017 1479 1081 1536 vita
1101 1476 1211 1537 forensi
1229 1477 1371 1538 conloca·

274 1571 323 1622 tus
340 1570 424 1635 esset,
447 1561 540 1621 multo
557 1560 624 1639 plus
642 1562 674 1618 in
690 1580 723 1620 re
743 1560 864 1639 publica
880 1561 995 1621 vidisse
1014 1561 1178 1622 censendus
1200 1570 1251 1636 cst,
1275 1567 1371 1624 amiei

273 1650 407 1708 animum
429 1664 446 1705 c
466 1648 583 1724 privato
601 1646 769 1705 Mamurrae
791 1646 859 1706 odio
880 1654 1031 1726 tamquam
1053 1649 1186 1707 evexerit
1206 1647 1246 1708 ad
1266 1648 1374 1727 publi·

274 1752 344 1792 cum
365 1730 467 1791 odium
493 1748 594 1790 eorum
616 1749 690 1810 quos
716 1733 865 1790 communi
890 1731 1021 1792 libertati
1045 1733 1199 1792 imminere
1223 1735 1367 1806 novisset,

274 1817 438 1896 videorque
455 1815 529 1876 mihi
545 1814 632 1874 huius
649 1817 820 1875 mutationis
841 1819 874 1875 in
893 1815 1005 1876 Catulli
1022 1817 1200 1876 carminibus
1217 1816 1368 1896 quosdam

273 1903 361 1982 quasi
378 1900 489 1979 gradus
507 1899 734 1979 deprehendere.
769 1921 831 1960 non
848 1908 1060 1978 potestantem
1081 1919 1184 1960 verum
1201 1920 1265 1962 esse
1282 1902 1367 1981 quod

277 1986 452 2046 Theodorus
461 1986 662 2046 Mommsenus
671 1985 737 2045 hist
744 1986 894 2059 Rom.HI,
904 1986 1001 2065 p.334
1011 1985 1079 2045 edit
1090 1994 1191 2046 sextae
1200 1989 1367 2065 suspicatus

275 2080 329 2145 cst,
343 2072 533 2145 Mamurram,
550 2079 707 2151 postquam
719 2070 902 2150 aliquamdiu
919 2069 974 2130 sub
988 2069 1115 2130 Caesare
1128 2073 1161 2130 in
1174 2070 1275 2132 Callia
1287 2072 1369 2130 mili·

275 2165 374 2231 tasset,
393 2156 478 2217 brevi
494 2163 564 2216 ante
577 2177 667 2236 quam
680 2155 815 2217 Catullus
829 2155 944 2215 iambos
960 2174 1028 2214 suos
1046 2155 1193 2229 scriberet,
1210 2157 1243 2215 in
1260 2157 1368 2217 urbem

274 2261 426 2304 reversum
446 2249 510 2301 tum
532 2243 671 2321 temporis
694 2240 879 2301 aedificanda
899 2243 932 2299 in
954 2239 1057 2299 Caelio
1078 2248 1178 2301 monte
1199 2240 1285 2300 domo
1306 2243 1367 2302 ista

275 2347 441 2387 marmorea
466 2334 641 2405 occupatum
662 2327 764 2386 fuisse.
797 2325 873 2384 nihil
895 2327 975 2385 enim
995 2327 1113 2404 inipso
1135 2328 1266 2386 carmine
1286 2330 1366 2387 inest

273 2410 357 2491 quod
374 2410 486 2470 adhoc
503 2429 577 2490 opus
594 2409 697 2470 referri
714 2413 815 2489 possit,
837 2429 935 2489 neque
951 2429 1022 2470 varo
1038 2417 1158 2490 poetam
1174 2411 1367 2488 significatio-

276 2514 346 2555 nem
364 2498 426 2554 eius
439 2496 614 2555 omissurum
627 2494 719 2556 fuisse
731 2503 877 2574 putamus,
895 2513 1056 2575 versusque
1070 2496 1120 2570 20,
1138 2496 1366 2575 quomodocum·
1468 2555 1469 2562 ,

274 2599 336 2661 que
349 2598 417 2640 eum
430 2582 623 2653 constitueris,
638 2580 820 2641 Mamurram
829 2581 882 2640 sub
895 2580 1071 2660 proconsule
1081 2580 1245 2642 Galliarum
1253 2600 1366 2644 merere

277 2664 410 2725 nondum
428 2664 550 2724 desiisse
567 2663 660 2724 docet.
695 2673 896 2744 sumptuosam
917 2674 1015 2726 autem
1036 2666 1284 2745 magnificamque
1300 2669 1365 2728 eius

277 2753 310 2810 in
328 2750 431 2812 Caelio
449 2748 685 2809 aedificationem
701 2753 734 2809 in
755 2759 872 2831 tempus
893 2750 985 2810 multo
1007 2752 1152 2829 posterius
1173 2750 1278 2811 cadere
1294 2752 1365 2812 inde

274 2854 397 2916 quoque
414 2834 516 2912 colh’gi
533 2842 629 2915 potest
645 2835 726 2914 quod
739 2834 843 2896 Cicero
861 2837 946 2914 epist.
964 2835 1005 2896 ad
1015 2835 1224 2906 AtticumVII
1242 2838 1270 2908 7,
1288 2857 1365 2915 quae

277 2942 303 2980 a
323 2916 438 2999 ’104150
455 2929 587 2982 extrem
605 2923 715 2999 scrIpta
731 2927 783 2996 est,
802 2919 820 2996 ἓ
836 2922 854 2979 6
872 2921 992 2980 divitias
1011 2919 1131 3000 quidem
1148 2922 1315 2981 Mamurrae
1331 2923 1365 2982 in

277 3009 449 3066 universum
474 3013 629 3080 memorat,
662 3005 715 3066 scd
740 3005 778 3066 de
803 3005 1042 3085 splendidissima
1067 3004 1156 3066 domo
1179 3008 1252 3078 ista,
1281 3007 1364 3068 cuius

277 3091 444 3151 inauditum
465 3090 505 3150 ad
525 3091 558 3150 id
579 3091 683 3152 luxum
706 3089 860 3151 Cornelius
882 3091 984 3170 Nepos
1006 3090 1131 3168 dignum
1151 3090 1257 3150 habuit
1277 3110 1364 3170 quam

277 3179 310 3235 in
331 3176 415 3236 libris
437 3175 640 3254 exemplorum
661 3184 785 3250 notaret,
811 3196 930 3256 prorsus
952 3183 1038 3248 tacet,
1060 3174 1141 3255 quod
1161 3195 1236 3250 eum,
1259 3177 1364 3236 eiiam

276 3268 349 3318 tunc
367 3267 502 3319 extructa
517 3260 630 3335 fuisset,
648 3264 702 3321 vix
718 3261 810 3321 fuisse
826 3260 974 3322 facturum
991 3260 1175 3334 arbitramur,
1193 3261 1364 3339 praesertim

276 3364 346 3403 cnm
363 3343 466 3403 eodem
481 3345 546 3404 loeo
565 3344 602 3405 <le
615 3344 705 3407 Balbi
715 3346 807 3406 hortis
826 3353 857 3406 et
868 3346 1039 3406 Tusculano
1057 3347 1236 3406 mentionem
1253 3347 1363 3405 iniciat.

277 3430 460 3488 Mamurram
480 3447 552 3489 vero
576 3431 636 3488 iam
658 3450 684 3488 a
709 3425 822 3510 709f45
849 3437 998 3492 mortuum
1023 3449 1086 3491 essa
1107 3429 1305 3509 Nipperdeius
1328 3433 1363 3490 in

277 3513 495 3594 prolegomenis
512 3513 636 3575 editioni
652 3508 777 3595 Nepotis
794 3518 867 3576 anni
884 3518 967 3576 1849
985 3516 1152 3595 praemissis
1168 3535 1197 3594 p.
1213 3516 1309 3576 XVII
1324 3533 1364 3576 ex

278 3600 402 3660 obscuro
423 3598 476 3657 illo
497 3617 594 3678 nequa
615 3618 733 3680 prorsus
754 3605 871 3678 integro
892 3591 958 3662 loco
980 3603 1032 3681 qui
1054 3609 1098 3662 est
1120 3603 1153 3660 in
1175 3599 1238 3660 Cio.
1260 3619 1304 3680 cp.
1324 3600 1364 3660 111

276 3685 340 3745 Art
354 3684 438 3744 XIII
451 3683 491 3742 52
507 3687 523 3742 1
543 3685 616 3744 mihi
629 3685 749 3766 quidem
767 3687 853 3746 citius
866 3706 956 3766 quam
973 3688 1072 3747 verius
1089 3685 1267 3746 conclusisse
1283 3683 1364 3745 vide·

275 3778 333 3844 tur,
351 3771 422 3830 licet
439 3771 637 3830 coniecturam
654 3791 738 3831 suam
756 3779 802 3830 sat
813 3773 913 3832 multis
930 3780 960 3834 et
972 3791 1067 3851 nuper
1079 3789 1179 3831 rursus
1194 3770 1229 3832 0.
1244 3769 1364 3831 Hirsch-

278 3855 369 3916 feldio
390 3856 495 3917 Herm.
516 3855 553 3929 V,
581 3876 610 3935 p.
633 3857 694 3915 299
721 3856 898 3936 probaverit.
937 3856 990 3918 sed
1015 3875 1195 3936 quamquam
1220 3857 1364 3916 sententia
1468 3859 1469 3864 ’

276 3943 416 4002 universa
428 3941 605 4002 Mommseui
619 3943 714 4021 accipi
726 3944 837 4021 nequit,
856 3942 949 4002 nihilo
963 3951 1062 4002 tamen
1075 3944 1173 4002 minus
1186 3942 1365 4001 Mamurram

276 4043 313 4084 eo
330 4033 461 4106 tempore
478 4047 537 4106 quo
556 4024 691 4086 Catullus
709 4047 733 4086 c.
746 4027 860 4086 XXIX
877 4029 1021 4088 emitteret
1034 4028 1148 4088 Romae
1164 4025 1294 4086 adfuisse
1306 4028 1363 4086 iam

276 4117 396 4190 propter
416 4110 469 4172 illa
487 4113 567 4194 ‘quis
589 4112 645 4174 hoo
666 4119 763 4192 potest
783 4112 921 4174 videre’
945 4120 975 4174 ct
998 4111 1133 4174 ‘cinaede
1148 4111 1288 4185 Romule,
1310 4111 1376 4171 hce-
