2968 4990
741 369 912 426 curum

773 559 856 626 LIV

524 677 640 744 Olonis
657 689 754 764 eaput
771 678 889 765 oppido
905 680 1067 765 pusillum,

523 778 541 855 †
559 783 592 837 et
609 772 654 838 eri
671 772 790 837 rustiea
806 771 974 837 semilauta
991 795 1096 847 crura,

524 865 640 931 subtile
657 876 690 930 et
705 866 777 932 leve
794 865 938 950 peditum
956 865 1093 930 Libonis

525 1146 552 1211 si
570 1167 634 1210 non
651 1146 759 1210 omnia
776 1145 942 1230 displicere
959 1147 1075 1211 vellem

526 1240 584 1304 tibi
603 1251 635 1303 et
651 1239 776 1303 Fufioio
793 1238 861 1305 seni
878 1253 1013 1304 reoooto.

524 1427 660 1492 irascere
677 1427 791 1490 iterum
809 1426 888 1490 meis
905 1426 1020 1491 iambis
1056 1469 1062 1483 ·

524 1514 762 1596 inmerentibus,
779 1519 873 1584 uniee
890 1519 1072 1605 imperator.

786 1867 859 1933 LV.

483 1985 633 2063 Oramus,
651 1987 678 2051 si
695 1986 776 2050 forte
794 2008 858 2050 non
876 1987 1083 2064 nrolestumsl,

484 2082 688 2156 demonstres,
708 2080 762 2144 ubi
784 2079 848 2143 sint
866 2090 940 2144 tuae
956 2081 1117 2148 tenebrae.

484 2187 516 2240 te
534 2196 646 2258 eampo
665 2172 878 2258 quaesivimus
896 2173 1027 2250 minore,

485 2279 515 2334 te
533 2269 567 2332 in
584 2268 678 2344 circo,
696 2278 729 2331 te
746 2267 779 2330 in
801 2267 947 2332 omnibus
965 2267 1089 2346 libellis,

484 2373 516 2427 te
533 2361 566 2426 in
584 2362 702 2446 templo
720 2360 835 2425 summi
852 2361 939 2426 Iovis
956 2373 1091 2427 sacrato.
1126 2433 1129 2438 ,

483 2456 518 2520 in
536 2454 650 2541 Magni
668 2453 761 2519 simul
779 2453 992 2520 ambulatione

483 2549 626 2614 femellas
644 2569 764 2625 omnes,
782 2548 893 2626 amioe,
912 2549 1034 2634 prendi,

485 2664 565 2727 quas
583 2642 673 2707 vultu
691 2641 757 2705 vidi
775 2653 881 2707 tamen
899 2664 1034 2708 serenas.

485 2758 505 2800 a
521 2735 573 2800 vel
590 2744 622 2801 te
639 2734 684 2800 sio
702 2735 769 2820 ipse
786 2736 979 2819 flagitabam,

485 2827 685 2894 ‘Camerium
702 2829 790 2904 mihi,
808 2830 963 2913 pessimae
981 2830 1127 2914 puellae?

486 2922 643 3007 quaedam
660 2922 764 3005 inquit
780 2921 901 2987 nudum
918 2923 1015 2988 reduo
1034 2975 1040 2989 .
1060 2971 1068 2989 .
1088 2972 1095 2988 .
1172 2971 1174 2978 .

485 3023 540 3082 ‘en
559 3016 610 3082 hio
627 3016 659 3080 in
677 3017 776 3080 roseis
793 3016 871 3083 latet
887 3017 1032 3101 papillis.'

484 3110 543 3176 sed
559 3120 590 3176 te
607 3110 669 3174 iam
687 3108 770 3174 ferre
787 3109 921 3174 Herculi
937 3110 1027 3174 labos
1043 3123 1104 3176 est.

486 3214 574 3268 tanto
592 3213 646 3268 ten
664 3203 749 3266 fastu
766 3225 876 3288 negas,
893 3205 1011 3268 amice?

486 3318 551 3362 non
568 3308 674 3361 eustos
693 3297 718 3362 si
736 3296 840 3381 fingar
856 3296 909 3361 ille
927 3295 1069 3375 Cretum,

485 3412 549 3456 non
565 3389 675 3456 Ladas
693 3412 754 3476 ego
772 3390 956 3476 pinnipesve
973 3391 1123 3471 Perseus,

483 3505 548 3549 non
565 3485 591 3548 si
608 3483 755 3570 Pegaseo
771 3484 856 3550 ferar
873 3484 990 3561 volatu,

483 3598 549 3643 nou
565 3577 664 3642 Rhesi
682 3579 775 3643 nivea
792 3578 917 3662 citaque
936 3579 1024 3663 bigat

484 3670 565 3737 adde
582 3669 646 3736 huo
663 3671 860 3758 plumipedes
878 3671 1094 3757 volatilesque,

484 3776 714 3848 ventorumque
731 3766 825 3833 simul
843 3766 966 3850 require
984 3789 1128 3832 oursum=

484 3879 563 3943 quos
582 3870 722 3935 ouuotos,
741 3858 878 3936 Cameli,
897 3859 974 3923 mihi
992 3861 1126 3938 dicares,

483 3953 626 4018 defessus
645 3963 750 4018 tamen
768 3953 914 4018 omnibus
932 3953 1077 4018 medullis

483 4057 516 4111 et
533 4047 640 4111 multis
657 4047 841 4133 langoribus
858 4069 988 4132 peresus

482 4161 585 4205 essem
604 4150 635 4205 te
652 4141 740 4218 mihi,
759 4140 870 4218 amice,
890 4141 1109 4225 quaeritando.
