<?xml version="1.0" encoding="UTF-8"?>
<!DOCTYPE html PUBLIC "-//W3C//DTD XHTML 1.0 Transitional//EN"
    "http://www.w3.org/TR/xhtml1/DTD/xhtml1-transitional.dtd">
<html xmlns="http://www.w3.org/1999/xhtml" xml:lang="en" lang="en">
 <head>
  <title>
</title>
<meta http-equiv="Content-Type" content="text/html;charset=utf-8" />
  <meta name='ocr-system' content='tesseract 3.04.00' />
  <meta name='ocr-capabilities' content='ocr_page ocr_carea ocr_par ocr_line ocrx_word'/>
</head>
<body>
  <div class='ocr_page' id='page_1' title='image "./carmina01schmgoog_0038.png"; bbox 0 0 2954 4990; ppageno 0'>
   <div class='ocr_carea' id='block_1_1' title="bbox 543 367 1218 415">
    <p class='ocr_par' dir='ltr' id='par_1_1' title="bbox 543 367 1218 415">
     <span class='ocr_line' id='line_1_1' title="bbox 543 367 1218 415; baseline 0.009 -6"><span class='ocrx_word' id='word_1_1' title='bbox 543 367 771 412; x_wconf 71' lang='lat' dir='ltr'>Paonneounrta</span> <span class='ocrx_word' id='word_1_2' title='bbox 1127 369 1218 415; x_wconf 74' lang='lat' dir='ltr'><strong>XXXI·</strong></span> 
     </span>
    </p>
   </div>
   <div class='ocr_carea' id='block_1_2' title="bbox 110 485 1216 4221">
    <p class='ocr_par' dir='ltr' id='par_1_2' title="bbox 110 485 1216 4221">
     <span class='ocr_line' id='line_1_2' title="bbox 110 485 1204 560; baseline 0.001 -15"><span class='ocrx_word' id='word_1_3' title='bbox 110 493 149 546; x_wconf 92' lang='lat' dir='ltr'>ut</span> <span class='ocrx_word' id='word_1_4' title='bbox 166 485 204 545; x_wconf 91' lang='lat' dir='ltr'>ad</span> <span class='ocrx_word' id='word_1_5' title='bbox 222 485 373 545; x_wconf 79' lang='lat' dir='ltr'>Catullum</span> <span class='ocrx_word' id='word_1_6' title='bbox 395 493 534 559; x_wconf 84' lang='lat' dir='ltr'>revertar,</span> <span class='ocrx_word' id='word_1_7' title='bbox 557 489 591 560; x_wconf 88' lang='lat' dir='ltr'>is,</span> <span class='ocrx_word' id='word_1_8' title='bbox 614 507 681 547; x_wconf 89' lang='lat' dir='ltr'>oum</span> <span class='ocrx_word' id='word_1_9' title='bbox 701 508 772 547; x_wconf 85' lang='lat' dir='ltr'>mox</span> <span class='ocrx_word' id='word_1_10' title='bbox 788 487 908 548; x_wconf 80' lang='lat' dir='ltr'><strong>Verona</strong></span> <span class='ocrx_word' id='word_1_11' title='bbox 924 489 1048 548; x_wconf 83' lang='lat' dir='ltr'><strong>Romam</strong></span> <span class='ocrx_word' id='word_1_12' title='bbox 1068 487 1204 560; x_wconf 78' lang='lat' dir='ltr'>redisset,</span> 
     </span>
     <span class='ocr_line' id='line_1_3' title="bbox 111 571 1216 648; baseline 0.003 -19"><span class='ocrx_word' id='word_1_13' title='bbox 111 574 162 630; x_wconf 88' lang='lat' dir='ltr'>ira</span> <span class='ocrx_word' id='word_1_14' title='bbox 177 571 267 631; x_wconf 89' lang='lat' dir='ltr'>semel</span> <span class='ocrx_word' id='word_1_15' title='bbox 283 572 482 632; x_wconf 84' lang='lat' dir='ltr'>inflammatus</span> <span class='ocrx_word' id='word_1_16' title='bbox 495 572 608 632; x_wconf 86' lang='lat' dir='ltr'>iambos</span> <span class='ocrx_word' id='word_1_17' title='bbox 621 571 893 648; x_wconf 85' lang='lat' dir='ltr'>vehementissimos</span> <span class='ocrx_word' id='word_1_18' title='bbox 907 581 1008 633; x_wconf 89' lang='lat' dir='ltr'>contra</span> <span class='ocrx_word' id='word_1_19' title='bbox 1020 574 1203 634; x_wconf 87' lang='lat' dir='ltr'>Mamurram</span> <span class='ocrx_word' id='word_1_20' title='bbox 1214 615 1216 622; x_wconf 34' lang='grc' dir='ltr'>ι</span> 
     </span>
     <span class='ocr_line' id='line_1_4' title="bbox 113 656 1202 737; baseline 0.006 -23"><span class='ocrx_word' id='word_1_21' title='bbox 113 663 205 735; x_wconf 88' lang='lat' dir='ltr'>atqua</span> <span class='ocrx_word' id='word_1_22' title='bbox 223 675 273 716; x_wconf 88' lang='lat' dir='ltr'>eos</span> <span class='ocrx_word' id='word_1_23' title='bbox 289 656 419 717; x_wconf 87' lang='lat' dir='ltr'>vibravit</span> <span class='ocrx_word' id='word_1_24' title='bbox 436 676 561 736; x_wconf 91' lang='lat' dir='ltr'>quorum</span> <span class='ocrx_word' id='word_1_25' title='bbox 579 676 668 736; x_wconf 88' lang='lat' dir='ltr'>opera</span> <span class='ocrx_word' id='word_1_26' title='bbox 684 657 769 716; x_wconf 90' lang='lat' dir='ltr'>illum</span> <span class='ocrx_word' id='word_1_27' title='bbox 786 665 848 716; x_wconf 91' lang='lat' dir='ltr'>tam</span> <span class='ocrx_word' id='word_1_28' title='bbox 865 657 1021 718; x_wconf 92' lang='lat' dir='ltr'>immodice</span> <span class='ocrx_word' id='word_1_29' title='bbox 1042 658 1202 737; x_wconf 87' lang='lat' dir='ltr'>locupleta-</span> 
     </span>
     <span class='ocr_line' id='line_1_5' title="bbox 110 741 1215 817; baseline 0.005 -18"><span class='ocrx_word' id='word_1_30' title='bbox 110 748 179 800; x_wconf 90' lang='lat' dir='ltr'>tum</span> <span class='ocrx_word' id='word_1_31' title='bbox 196 759 259 802; x_wconf 90' lang='lat' dir='ltr'>essa</span> <span class='ocrx_word' id='word_1_32' title='bbox 282 749 418 814; x_wconf 87' lang='lat' dir='ltr'>noverat,</span> <span class='ocrx_word' id='word_1_33' title='bbox 441 741 555 802; x_wconf 88' lang='lat' dir='ltr'>iambos</span> <span class='ocrx_word' id='word_1_34' title='bbox 577 741 643 801; x_wconf 89' lang='lat' dir='ltr'>dico</span> <span class='ocrx_word' id='word_1_35' title='bbox 666 744 803 802; x_wconf 89' lang='lat' dir='ltr'>carminis</span> <span class='ocrx_word' id='word_1_36' title='bbox 819 741 932 802; x_wconf 88' lang='lat' dir='ltr'>XXIX</span> <span class='ocrx_word' id='word_1_37' title='bbox 953 743 1147 817; x_wconf 77' lang='lat' dir='ltr'>celeberrimi,</span> <span class='ocrx_word' id='word_1_38' title='bbox 1169 745 1215 804; x_wconf 83' lang='lat' dir='ltr'>in.</span> 
     </span>
     <span class='ocr_line' id='line_1_6' title="bbox 112 825 1206 905; baseline 0.003 -20"><span class='ocrx_word' id='word_1_39' title='bbox 112 845 174 905; x_wconf 92' lang='lat' dir='ltr'>quo</span> <span class='ocrx_word' id='word_1_40' title='bbox 190 825 346 888; x_wconf 78' lang='lat' dir='ltr'>Gaesarem</span> <span class='ocrx_word' id='word_1_41' title='bbox 364 835 393 888; x_wconf 88' lang='lat' dir='ltr'>st</span> <span class='ocrx_word' id='word_1_42' title='bbox 405 828 580 905; x_wconf 87' lang='lat' dir='ltr'>Pompeium</span> <span class='ocrx_word' id='word_1_43' title='bbox 597 829 673 886; x_wconf 87' lang='lat' dir='ltr'>tanti</span> <span class='ocrx_word' id='word_1_44' title='bbox 689 827 834 887; x_wconf 83' lang='lat' dir='ltr'>helluonis</span> <span class='ocrx_word' id='word_1_45' title='bbox 852 829 949 905; x_wconf 85' lang='lat' dir='ltr'>gratia</span> <span class='ocrx_word' id='word_1_46' title='bbox 967 835 1082 888; x_wconf 87' lang='lat' dir='ltr'>exteras</span> <span class='ocrx_word' id='word_1_47' title='bbox 1099 837 1206 905; x_wconf 86' lang='lat' dir='ltr'>gentes</span> 
     </span>
     <span class='ocr_line' id='line_1_7' title="bbox 112 911 1205 992; baseline 0.002 -22"><span class='ocrx_word' id='word_1_48' title='bbox 112 911 295 989; x_wconf 86' lang='lat' dir='ltr'>expilavisse</span> <span class='ocrx_word' id='word_1_49' title='bbox 312 921 401 992; x_wconf 88' lang='lat' dir='ltr'>atque</span> <span class='ocrx_word' id='word_1_50' title='bbox 414 914 513 972; x_wconf 87' lang='lat' dir='ltr'>omnia</span> <span class='ocrx_word' id='word_1_51' title='bbox 529 911 692 991; x_wconf 81' lang='lat' dir='ltr'>perdidisse</span> <span class='ocrx_word' id='word_1_52' title='bbox 705 915 884 972; x_wconf 87' lang='lat' dir='ltr'>criminatur.</span> <span class='ocrx_word' id='word_1_53' title='bbox 911 912 949 971; x_wconf 89' lang='lat' dir='ltr'>de</span> <span class='ocrx_word' id='word_1_54' title='bbox 962 914 1046 972; x_wconf 90' lang='lat' dir='ltr'>ouius</span> <span class='ocrx_word' id='word_1_55' title='bbox 1058 915 1205 992; x_wconf 87' lang='lat' dir='ltr'>poematis</span> 
     </span>
     <span class='ocr_line' id='line_1_8' title="bbox 111 995 1204 1077; baseline 0.001 -22"><span class='ocrx_word' id='word_1_56' title='bbox 111 1002 247 1075; x_wconf 79' lang='lat' dir='ltr'>tempore</span> <span class='ocrx_word' id='word_1_57' title='bbox 264 1005 400 1056; x_wconf 86' lang='lat' dir='ltr'>accurate</span> <span class='ocrx_word' id='word_1_58' title='bbox 416 995 623 1074; x_wconf 83' lang='lat' dir='ltr'>investigando</span> <span class='ocrx_word' id='word_1_59' title='bbox 640 997 716 1056; x_wconf 88' lang='lat' dir='ltr'>bene</span> <span class='ocrx_word' id='word_1_60' title='bbox 734 999 856 1057; x_wconf 87' lang='lat' dir='ltr'>meritus</span> <span class='ocrx_word' id='word_1_61' title='bbox 874 1005 918 1057; x_wconf 87' lang='lat' dir='ltr'>est</span> <span class='ocrx_word' id='word_1_62' title='bbox 933 997 1085 1077; x_wconf 90' lang='lat' dir='ltr'>Hauptius</span> <span class='ocrx_word' id='word_1_63' title='bbox 1102 1017 1204 1077; x_wconf 85' lang='lat' dir='ltr'>opusc.</span> 
     </span>
     <span class='ocr_line' id='line_1_9' title="bbox 113 1081 1206 1162; baseline 0.002 -22"><span class='ocrx_word' id='word_1_64' title='bbox 113 1081 141 1154; x_wconf 92' lang='grc' dir='ltr'>Ι,</span> <span class='ocrx_word' id='word_1_65' title='bbox 160 1101 187 1160; x_wconf 91' lang='lat' dir='ltr'>p.</span> <span class='ocrx_word' id='word_1_66' title='bbox 208 1083 247 1139; x_wconf 99' lang='grc'>12</span> <span class='ocrx_word' id='word_1_67' title='bbox 263 1101 299 1142; x_wconf 92' lang='lat' dir='ltr'>ss.</span> <span class='ocrx_word' id='word_1_68' title='bbox 318 1085 411 1158; x_wconf 86' lang='lat' dir='ltr'>igitur</span> <span class='ocrx_word' id='word_1_69' title='bbox 427 1085 549 1162; x_wconf 88' lang='lat' dir='ltr'>scriptos</span> <span class='ocrx_word' id='word_1_70' title='bbox 567 1100 630 1142; x_wconf 88' lang='lat' dir='ltr'>esse</span> <span class='ocrx_word' id='word_1_71' title='bbox 647 1082 700 1140; x_wconf 90' lang='lat' dir='ltr'>hos</span> <span class='ocrx_word' id='word_1_72' title='bbox 714 1081 827 1141; x_wconf 88' lang='lat' dir='ltr'>iambos</span> <span class='ocrx_word' id='word_1_73' title='bbox 840 1091 909 1142; x_wconf 87' lang='lat' dir='ltr'>anta</span> <span class='ocrx_word' id='word_1_74' title='bbox 923 1091 1054 1161; x_wconf 87' lang='lat' dir='ltr'>apertam</span> <span class='ocrx_word' id='word_1_75' title='bbox 1068 1081 1206 1144; x_wconf 75' lang='lat' dir='ltr'>Caesaris</span> 
     </span>
     <span class='ocr_line' id='line_1_10' title="bbox 115 1165 1204 1246; baseline 0 -20"><span class='ocrx_word' id='word_1_76' title='bbox 115 1173 147 1226; x_wconf 87' lang='lat' dir='ltr'>et</span> <span class='ocrx_word' id='word_1_77' title='bbox 162 1167 299 1246; x_wconf 87' lang='lat' dir='ltr'>Pompeii</span> <span class='ocrx_word' id='word_1_78' title='bbox 316 1167 494 1228; x_wconf 80' lang='lat' dir='ltr'>simultatem</span> <span class='ocrx_word' id='word_1_79' title='bbox 511 1186 539 1226; x_wconf 84' lang='lat' dir='ltr'>r.</span> <span class='ocrx_word' id='word_1_80' title='bbox 554 1168 593 1224; x_wconf 83' lang='lat'>21</span> <span class='ocrx_word' id='word_1_81' title='bbox 614 1165 706 1237; x_wconf 67' lang='lat' dir='ltr'>docet,</span> <span class='ocrx_word' id='word_1_82' title='bbox 725 1169 833 1246; x_wconf 87' lang='lat' dir='ltr'>inquo</span> <span class='ocrx_word' id='word_1_83' title='bbox 851 1166 938 1227; x_wconf 90' lang='lat' dir='ltr'>ambo</span> <span class='ocrx_word' id='word_1_84' title='bbox 955 1167 1058 1227; x_wconf 83' lang='lat' dir='ltr'>fovere</span> <span class='ocrx_word' id='word_1_85' title='bbox 1074 1169 1204 1228; x_wconf 76' lang='lat' dir='ltr'>Mamur</span> 
     </span>
     <span class='ocr_line' id='line_1_11' title="bbox 113 1251 1213 1331; baseline 0.003 -22"><span class='ocrx_word' id='word_1_86' title='bbox 113 1271 180 1310; x_wconf 88' lang='lat' dir='ltr'>ram</span> <span class='ocrx_word' id='word_1_87' title='bbox 198 1251 343 1311; x_wconf 86' lang='lat' dir='ltr'>dicuntur.</span> <span class='ocrx_word' id='word_1_88' title='bbox 370 1251 477 1312; x_wconf 89' lang='lat' dir='ltr'>deinde</span> <span class='ocrx_word' id='word_1_89' title='bbox 494 1251 574 1331; x_wconf 90' lang='lat' dir='ltr'>quod</span> <span class='ocrx_word' id='word_1_90' title='bbox 590 1251 636 1310; x_wconf 94' lang='lat' dir='ltr'>illi</span> <span class='ocrx_word' id='word_1_91' title='bbox 651 1252 684 1309; x_wconf 92' lang='lat' dir='ltr'>in</span> <span class='ocrx_word' id='word_1_92' title='bbox 701 1270 790 1311; x_wconf 87' lang='lat' dir='ltr'>versu</span> <span class='ocrx_word' id='word_1_93' title='bbox 807 1260 937 1312; x_wconf 88' lang='lat' dir='ltr'>extremo</span> <span class='ocrx_word' id='word_1_94' title='bbox 955 1270 1037 1312; x_wconf 89' lang='lat' dir='ltr'>socer</span> <span class='ocrx_word' id='word_1_95' title='bbox 1054 1271 1213 1331; x_wconf 86' lang='lat' dir='ltr'>generque·</span> 
     </span>
     <span class='ocr_line' id='line_1_12' title="bbox 116 1335 1207 1415; baseline 0.002 -21"><span class='ocrx_word' id='word_1_96' title='bbox 116 1335 313 1415; x_wconf 88' lang='lat' dir='ltr'>adpellantur‚</span> <span class='ocrx_word' id='word_1_97' title='bbox 340 1355 378 1396; x_wconf 90' lang='lat' dir='ltr'>ex</span> <span class='ocrx_word' id='word_1_98' title='bbox 400 1355 434 1395; x_wconf 89' lang='lat' dir='ltr'>eo</span> <span class='ocrx_word' id='word_1_99' title='bbox 456 1336 557 1412; x_wconf 79' lang='lat' dir='ltr'>colligi</span> <span class='ocrx_word' id='word_1_100' title='bbox 581 1342 679 1415; x_wconf 86' lang='lat' dir='ltr'>potest</span> <span class='ocrx_word' id='word_1_101' title='bbox 703 1337 887 1415; x_wconf 86' lang='lat' dir='ltr'>conpositum</span> <span class='ocrx_word' id='word_1_102' title='bbox 909 1354 973 1395; x_wconf 92' lang='lat' dir='ltr'>esse</span> <span class='ocrx_word' id='word_1_103' title='bbox 995 1355 1114 1396; x_wconf 85' lang='lat' dir='ltr'>carmen</span> <span class='ocrx_word' id='word_1_104' title='bbox 1135 1344 1207 1396; x_wconf 89' lang='lat' dir='ltr'>ante</span> 
     </span>
     <span class='ocr_line' id='line_1_13' title="bbox 115 1416 1204 1500; baseline 0 -20"><span class='ocrx_word' id='word_1_105' title='bbox 115 1429 241 1481; x_wconf 86' lang='lat' dir='ltr'>mortem</span> <span class='ocrx_word' id='word_1_106' title='bbox 258 1421 368 1494; x_wconf 62' lang='lat' dir='ltr'>Iuliae,</span> <span class='ocrx_word' id='word_1_107' title='bbox 386 1439 462 1500; x_wconf 92' lang='lat' dir='ltr'>quae</span> <span class='ocrx_word' id='word_1_108' title='bbox 484 1440 583 1482; x_wconf 85' lang='lat' dir='ltr'>mense</span> <span class='ocrx_word' id='word_1_109' title='bbox 601 1420 769 1500; x_wconf 79' lang='lat' dir='ltr'>Septembri</span> <span class='ocrx_word' id='word_1_110' title='bbox 790 1423 863 1480; x_wconf 90' lang='lat' dir='ltr'>anni</span> <span class='ocrx_word' id='word_1_111' title='bbox 882 1416 997 1499; x_wconf 72' lang='lat'>700(54</span> <span class='ocrx_word' id='word_1_112' title='bbox 1019 1420 1099 1481; x_wconf 82' lang='lat' dir='ltr'>obiit.</span> <span class='ocrx_word' id='word_1_113' title='bbox 1134 1442 1204 1480; x_wconf 87' lang='lat' dir='ltr'>nam</span> 
     </span>
     <span class='ocr_line' id='line_1_14' title="bbox 115 1504 1210 1585; baseline 0 -21"><span class='ocrx_word' id='word_1_114' title='bbox 115 1506 171 1566; x_wconf 88' lang='lat' dir='ltr'>ubi</span> <span class='ocrx_word' id='word_1_115' title='bbox 188 1504 298 1565; x_wconf 82' lang='lat' dir='ltr'>Caesar</span> <span class='ocrx_word' id='word_1_116' title='bbox 315 1506 369 1566; x_wconf 91' lang='lat' dir='ltr'>sub</span> <span class='ocrx_word' id='word_1_117' title='bbox 388 1507 606 1585; x_wconf 80' lang='lat' dir='ltr'>aequinoctium</span> <span class='ocrx_word' id='word_1_118' title='bbox 624 1505 795 1565; x_wconf 87' lang='lat' dir='ltr'>autumnale</span> <span class='ocrx_word' id='word_1_119' title='bbox 813 1504 946 1566; x_wconf 89' lang='lat' dir='ltr'>eiusdem</span> <span class='ocrx_word' id='word_1_120' title='bbox 963 1508 1035 1565; x_wconf 90' lang='lat' dir='ltr'>anni</span> <span class='ocrx_word' id='word_1_121' title='bbox 1052 1525 1090 1566; x_wconf 91' lang='lat' dir='ltr'>ex</span> <span class='ocrx_word' id='word_1_122' title='bbox 1111 1506 1210 1567; x_wconf 84' lang='lat' dir='ltr'>altera.</span> 
     </span>
     <span class='ocr_line' id='line_1_15' title="bbox 116 1590 1210 1669; baseline -0.001 -18"><span class='ocrx_word' id='word_1_123' title='bbox 116 1590 308 1669; x_wconf 85' lang='lat' dir='ltr'>expeditione</span> <span class='ocrx_word' id='word_1_124' title='bbox 324 1591 502 1650; x_wconf 84' lang='lat' dir='ltr'>Britannica·</span> <span class='ocrx_word' id='word_1_125' title='bbox 513 1593 546 1650; x_wconf 92' lang='lat' dir='ltr'>in</span> <span class='ocrx_word' id='word_1_126' title='bbox 564 1590 694 1651; x_wconf 81' lang='lat' dir='ltr'>Galliam</span> <span class='ocrx_word' id='word_1_127' title='bbox 714 1590 815 1664; x_wconf 85' lang='lat' dir='ltr'>rediit,</span> <span class='ocrx_word' id='word_1_128' title='bbox 838 1590 954 1651; x_wconf 79' lang='lat' dir='ltr'>adlatus</span> <span class='ocrx_word' id='word_1_129' title='bbox 970 1593 1000 1652; x_wconf 89' lang='lat' dir='ltr'>ei</span> <span class='ocrx_word' id='word_1_130' title='bbox 1017 1597 1062 1651; x_wconf 84' lang='lat' dir='ltr'>est</span> <span class='ocrx_word' id='word_1_131' title='bbox 1081 1594 1210 1652; x_wconf 86' lang='lat' dir='ltr'>nuntius</span> 
     </span>
     <span class='ocr_line' id='line_1_16' title="bbox 116 1674 1206 1753; baseline -0.001 -18"><span class='ocrx_word' id='word_1_132' title='bbox 116 1695 254 1752; x_wconf 86' lang='lat' dir='ltr'>egressae</span> <span class='ocrx_word' id='word_1_133' title='bbox 271 1695 309 1735; x_wconf 88' lang='lat' dir='ltr'>ox</span> <span class='ocrx_word' id='word_1_134' title='bbox 325 1677 388 1735; x_wconf 89' lang='lat' dir='ltr'>vita</span> <span class='ocrx_word' id='word_1_135' title='bbox 406 1675 485 1735; x_wconf 88' lang='lat' dir='ltr'>filiae</span> <span class='ocrx_word' id='word_1_136' title='bbox 508 1674 598 1753; x_wconf 85' lang='lat' dir='ltr'>(conf.</span> <span class='ocrx_word' id='word_1_137' title='bbox 615 1675 766 1735; x_wconf 81' lang='lat' dir='ltr'>Plutarch.</span> <span class='ocrx_word' id='word_1_138' title='bbox 785 1674 869 1736; x_wconf 73' lang='lat' dir='ltr'>(lues.</span> <span class='ocrx_word' id='word_1_139' title='bbox 889 1676 928 1734; x_wconf 92' lang='grc'>23</span> <span class='ocrx_word' id='word_1_140' title='bbox 948 1696 1015 1736; x_wconf 88' lang='lat' dir='ltr'>cum</span> <span class='ocrx_word' id='word_1_141' title='bbox 1033 1675 1118 1738; x_wconf 79' lang='lat' dir='ltr'>Caes.</span> <span class='ocrx_word' id='word_1_142' title='bbox 1136 1677 1206 1737; x_wconf 86' lang='lat' dir='ltr'>bell.</span> 
     </span>
     <span class='ocr_line' id='line_1_17' title="bbox 117 1757 1211 1839; baseline 0 -17"><span class='ocrx_word' id='word_1_143' title='bbox 117 1760 196 1822; x_wconf 85' lang='lat' dir='ltr'>Gall.</span> <span class='ocrx_word' id='word_1_144' title='bbox 213 1761 244 1822; x_wconf 90' lang='lat' dir='ltr'><strong>V</strong></span> <span class='ocrx_word' id='word_1_145' title='bbox 261 1757 322 1836; x_wconf 89' lang='grc'>23).</span> <span class='ocrx_word' id='word_1_146' title='bbox 358 1759 437 1821; x_wconf 88' lang='lat' dir='ltr'>unde</span> <span class='ocrx_word' id='word_1_147' title='bbox 459 1759 586 1822; x_wconf 82' lang='lat' dir='ltr'>afficitur</span> <span class='ocrx_word' id='word_1_148' title='bbox 607 1769 641 1820; x_wconf 93' lang='lat' dir='ltr'>ut</span> <span class='ocrx_word' id='word_1_149' title='bbox 663 1781 691 1819; x_wconf 89' lang='lat' dir='ltr'>v.</span> <span class='ocrx_word' id='word_1_150' title='bbox 711 1763 749 1819; x_wconf 87' lang='lat'>11</span> <span class='ocrx_word' id='word_1_151' title='bbox 765 1781 796 1834; x_wconf 86' lang='lat' dir='ltr'>s.,</span> <span class='ocrx_word' id='word_1_152' title='bbox 818 1761 871 1821; x_wconf 92' lang='lat' dir='ltr'>ubi</span> <span class='ocrx_word' id='word_1_153' title='bbox 889 1760 1046 1822; x_wconf 79' lang='lat' dir='ltr'>Gaesarem</span> <span class='ocrx_word' id='word_1_154' title='bbox 1067 1761 1211 1839; x_wconf 72' lang='lat' dir='ltr'>indigna·</span> 
     </span>
     <span class='ocr_line' id='line_1_18' title="bbox 116 1845 1207 1925; baseline 0 -20"><span class='ocrx_word' id='word_1_155' title='bbox 116 1845 235 1905; x_wconf 90' lang='lat' dir='ltr'>bundus</span> <span class='ocrx_word' id='word_1_156' title='bbox 252 1854 339 1925; x_wconf 85' lang='lat' dir='ltr'>poeta</span> <span class='ocrx_word' id='word_1_157' title='bbox 356 1847 527 1922; x_wconf 79' lang='lat' dir='ltr'>interrogat,</span> <span class='ocrx_word' id='word_1_158' title='bbox 545 1845 652 1906; x_wconf 89' lang='lat' dir='ltr'>ideone</span> <span class='ocrx_word' id='word_1_159' title='bbox 668 1849 701 1905; x_wconf 90' lang='lat' dir='ltr'>in</span> <span class='ocrx_word' id='word_1_160' title='bbox 714 1845 817 1906; x_wconf 87' lang='lat' dir='ltr'>ultima</span> <span class='ocrx_word' id='word_1_161' title='bbox 830 1845 991 1907; x_wconf 88' lang='lat' dir='ltr'>occidentis</span> <span class='ocrx_word' id='word_1_162' title='bbox 1004 1846 1094 1907; x_wconf 85' lang='lat' dir='ltr'>fuerit</span> <span class='ocrx_word' id='word_1_163' title='bbox 1106 1847 1207 1908; x_wconf 87' lang='lat' dir='ltr'>insula</span> 
     </span>
     <span class='ocr_line' id='line_1_19' title="bbox 117 1930 1209 2012; baseline 0.003 -23"><span class='ocrx_word' id='word_1_164' title='bbox 117 1938 152 1990; x_wconf 85' lang='lat' dir='ltr'>ut</span> <span class='ocrx_word' id='word_1_165' title='bbox 167 1930 319 1990; x_wconf 82' lang='lat' dir='ltr'>Mamurra</span> <span class='ocrx_word' id='word_1_166' title='bbox 335 1938 418 1991; x_wconf 88' lang='lat' dir='ltr'>tanto</span> <span class='ocrx_word' id='word_1_167' title='bbox 440 1931 507 2010; x_wconf 90' lang='lat' dir='ltr'>plus</span> <span class='ocrx_word' id='word_1_168' title='bbox 529 1950 582 2011; x_wconf 89' lang='lat' dir='ltr'>per</span> <span class='ocrx_word' id='word_1_169' title='bbox 601 1931 707 1990; x_wconf 89' lang='lat' dir='ltr'>luxum</span> <span class='ocrx_word' id='word_1_170' title='bbox 730 1930 874 2012; x_wconf 84' lang='lat' dir='ltr'>dissipare</span> <span class='ocrx_word' id='word_1_171' title='bbox 894 1939 1001 2010; x_wconf 84' lang='lat' dir='ltr'>posset,</span> <span class='ocrx_word' id='word_1_172' title='bbox 1022 1935 1105 2011; x_wconf 85' lang='lat' dir='ltr'>prior</span> <span class='ocrx_word' id='word_1_173' title='bbox 1123 1931 1209 1992; x_wconf 91' lang='lat' dir='ltr'>illins</span> 
     </span>
     <span class='ocr_line' id='line_1_20' title="bbox 116 2012 1207 2096; baseline 0.001 -21"><span class='ocrx_word' id='word_1_174' title='bbox 116 2018 151 2075; x_wconf 89' lang='lat' dir='ltr'>in</span> <span class='ocrx_word' id='word_1_175' title='bbox 171 2016 357 2076; x_wconf 80' lang='lat' dir='ltr'>Britanniam</span> <span class='ocrx_word' id='word_1_176' title='bbox 380 2016 529 2094; x_wconf 82' lang='lat' dir='ltr'>expeditio</span> <span class='ocrx_word' id='word_1_177' title='bbox 552 2023 684 2076; x_wconf 87' lang='lat' dir='ltr'>extrema</span> <span class='ocrx_word' id='word_1_178' title='bbox 705 2023 817 2076; x_wconf 88' lang='lat' dir='ltr'>aestate</span> <span class='ocrx_word' id='word_1_179' title='bbox 839 2019 911 2076; x_wconf 88' lang='lat' dir='ltr'>anni</span> <span class='ocrx_word' id='word_1_180' title='bbox 933 2012 1047 2094; x_wconf 67' lang='grc'>699155</span> <span class='ocrx_word' id='word_1_181' title='bbox 1070 2025 1207 2096; x_wconf 86' lang='lat' dir='ltr'>suscepta</span> 
     </span>
     <span class='ocr_line' id='line_1_21' title="bbox 117 2098 1209 2181; baseline 0.002 -21"><span class='ocrx_word' id='word_1_182' title='bbox 117 2098 207 2175; x_wconf 86' lang='lat' dir='ltr'>(conf.</span> <span class='ocrx_word' id='word_1_183' title='bbox 226 2100 310 2162; x_wconf 81' lang='lat' dir='ltr'>Caes.</span> <span class='ocrx_word' id='word_1_184' title='bbox 327 2101 396 2161; x_wconf 90' lang='lat' dir='ltr'>bell.</span> <span class='ocrx_word' id='word_1_185' title='bbox 410 2100 489 2162; x_wconf 84' lang='lat' dir='ltr'>Gall.</span> <span class='ocrx_word' id='word_1_186' title='bbox 506 2099 553 2162; x_wconf 93' lang='lat' dir='ltr'>IV</span> <span class='ocrx_word' id='word_1_187' title='bbox 571 2102 612 2159; x_wconf 87' lang='grc'>20</span> <span class='ocrx_word' id='word_1_188' title='bbox 629 2109 659 2160; x_wconf 86' lang='lat' dir='ltr'>et</span> <span class='ocrx_word' id='word_1_189' title='bbox 677 2099 730 2178; x_wconf 80' lang='lat'>36)</span> <span class='ocrx_word' id='word_1_190' title='bbox 748 2099 950 2178; x_wconf 82' lang='lat' dir='ltr'>intellegenda</span> <span class='ocrx_word' id='word_1_191' title='bbox 968 2103 1014 2160; x_wconf 92' lang='lat' dir='ltr'>sit.</span> <span class='ocrx_word' id='word_1_192' title='bbox 1044 2119 1121 2181; x_wconf 88' lang='lat' dir='ltr'>quae</span> <span class='ocrx_word' id='word_1_193' title='bbox 1139 2121 1209 2162; x_wconf 82' lang='lat' dir='ltr'>cunr</span> 
     </span>
     <span class='ocr_line' id='line_1_22' title="bbox 116 2185 1209 2265; baseline 0 -19"><span class='ocrx_word' id='word_1_194' title='bbox 116 2190 160 2246; x_wconf 88' lang='lat' dir='ltr'>ita</span> <span class='ocrx_word' id='word_1_195' title='bbox 186 2189 256 2260; x_wconf 86' lang='lat' dir='ltr'>sint,</span> <span class='ocrx_word' id='word_1_196' title='bbox 287 2206 341 2265; x_wconf 90' lang='lat' dir='ltr'>pro</span> <span class='ocrx_word' id='word_1_197' title='bbox 367 2193 445 2246; x_wconf 88' lang='lat' dir='ltr'>certo</span> <span class='ocrx_word' id='word_1_198' title='bbox 471 2192 568 2264; x_wconf 83' lang='lat' dir='ltr'>potest</span> <span class='ocrx_word' id='word_1_199' title='bbox 592 2185 696 2247; x_wconf 87' lang='lat' dir='ltr'>haberi</span> <span class='ocrx_word' id='word_1_200' title='bbox 721 2185 775 2246; x_wconf 90' lang='lat' dir='ltr'>sub</span> <span class='ocrx_word' id='word_1_201' title='bbox 802 2189 914 2246; x_wconf 91' lang='lat' dir='ltr'>exitum</span> <span class='ocrx_word' id='word_1_202' title='bbox 945 2185 1033 2245; x_wconf 92' lang='lat' dir='ltr'>huius</span> <span class='ocrx_word' id='word_1_203' title='bbox 1059 2187 1132 2244; x_wconf 91' lang='lat' dir='ltr'>anni</span> <span class='ocrx_word' id='word_1_204' title='bbox 1156 2186 1209 2246; x_wconf 74' lang='lat' dir='ltr'>vet</span> 
     </span>
     <span class='ocr_line' id='line_1_23' title="bbox 116 2269 1208 2351; baseline 0 -21"><span class='ocrx_word' id='word_1_205' title='bbox 116 2273 251 2351; x_wconf 91' lang='lat' dir='ltr'>proximo</span> <span class='ocrx_word' id='word_1_206' title='bbox 269 2272 391 2331; x_wconf 89' lang='lat' dir='ltr'>ineunte</span> <span class='ocrx_word' id='word_1_207' title='bbox 408 2291 431 2330; x_wconf 90' lang='lat' dir='ltr'>c.</span> <span class='ocrx_word' id='word_1_208' title='bbox 450 2271 563 2330; x_wconf 86' lang='lat' dir='ltr'><strong>XXIX</strong></span> <span class='ocrx_word' id='word_1_209' title='bbox 579 2273 721 2350; x_wconf 87' lang='lat' dir='ltr'>seriptum</span> <span class='ocrx_word' id='word_1_210' title='bbox 738 2289 811 2345; x_wconf 86' lang='lat' dir='ltr'>esse,</span> <span class='ocrx_word' id='word_1_211' title='bbox 828 2272 1042 2350; x_wconf 87' lang='lat' dir='ltr'>perspicueque</span> <span class='ocrx_word' id='word_1_212' title='bbox 1060 2269 1208 2344; x_wconf 67' lang='lat' dir='ltr'>Catullus,</span> 
     </span>
     <span class='ocr_line' id='line_1_24' title="bbox 118 2356 1207 2436; baseline 0.002 -20"><span class='ocrx_word' id='word_1_213' title='bbox 118 2376 186 2416; x_wconf 90' lang='lat' dir='ltr'>oum</span> <span class='ocrx_word' id='word_1_214' title='bbox 198 2377 226 2414; x_wconf 87' lang='lat' dir='ltr'>v.</span> <span class='ocrx_word' id='word_1_215' title='bbox 242 2357 259 2414; x_wconf 84' lang='lat'>6</span> <span class='ocrx_word' id='word_1_216' title='bbox 270 2376 293 2414; x_wconf 91' lang='lat' dir='ltr'>s.</span> <span class='ocrx_word' id='word_1_217' title='bbox 306 2357 487 2416; x_wconf 88' lang='lat' dir='ltr'>Mamurram</span> <span class='ocrx_word' id='word_1_218' title='bbox 500 2358 650 2416; x_wconf 85' lang='lat' dir='ltr'>immensis</span> <span class='ocrx_word' id='word_1_219' title='bbox 664 2356 769 2436; x_wconf 91' lang='lat' dir='ltr'>opibus</span> <span class='ocrx_word' id='word_1_220' title='bbox 783 2359 844 2416; x_wconf 91' lang='lat' dir='ltr'>suis</span> <span class='ocrx_word' id='word_1_221' title='bbox 857 2356 985 2417; x_wconf 86' lang='lat' dir='ltr'>ferocem</span> <span class='ocrx_word' id='word_1_222' title='bbox 996 2359 1056 2416; x_wconf 87' lang='lat' dir='ltr'>iam</span> <span class='ocrx_word' id='word_1_223' title='bbox 1073 2357 1207 2418; x_wconf 89' lang='lat' dir='ltr'>omnium</span> 
     </span>
     <span class='ocr_line' id='line_1_25' title="bbox 116 2439 1209 2521; baseline 0.001 -21"><span class='ocrx_word' id='word_1_224' title='bbox 116 2442 294 2502; x_wconf 82' lang='lat' dir='ltr'>feminarum</span> <span class='ocrx_word' id='word_1_225' title='bbox 316 2441 426 2501; x_wconf 85' lang='lat' dir='ltr'>cubilia</span> <span class='ocrx_word' id='word_1_226' title='bbox 445 2441 718 2520; x_wconf 85' lang='lat' dir='ltr'>perambulaturum</span> <span class='ocrx_word' id='word_1_227' title='bbox 740 2460 804 2502; x_wconf 88' lang='lat' dir='ltr'>esse</span> <span class='ocrx_word' id='word_1_228' title='bbox 824 2441 983 2521; x_wconf 86' lang='lat' dir='ltr'>praedicit,</span> <span class='ocrx_word' id='word_1_229' title='bbox 1009 2439 1049 2500; x_wconf 89' lang='lat' dir='ltr'>ad</span> <span class='ocrx_word' id='word_1_230' title='bbox 1070 2459 1209 2520; x_wconf 83' lang='lat' dir='ltr'>eaquae</span> 
     </span>
     <span class='ocr_line' id='line_1_26' title="bbox 116 2525 1207 2606; baseline 0.003 -22"><span class='ocrx_word' id='word_1_231' title='bbox 116 2529 180 2605; x_wconf 89' lang='lat' dir='ltr'>ipse</span> <span class='ocrx_word' id='word_1_232' title='bbox 197 2546 292 2606; x_wconf 87' lang='lat' dir='ltr'>nuper</span> <span class='ocrx_word' id='word_1_233' title='bbox 308 2528 341 2587; x_wconf 92' lang='lat' dir='ltr'>in</span> <span class='ocrx_word' id='word_1_234' title='bbox 353 2525 454 2587; x_wconf 79' lang='lat' dir='ltr'>Gallia</span> <span class='ocrx_word' id='word_1_235' title='bbox 472 2528 604 2587; x_wconf 86' lang='lat' dir='ltr'>citeriore</span> <span class='ocrx_word' id='word_1_236' title='bbox 622 2536 761 2606; x_wconf 88' lang='lat' dir='ltr'>expertus</span> <span class='ocrx_word' id='word_1_237' title='bbox 779 2536 842 2587; x_wconf 87' lang='lat' dir='ltr'>erat</span> <span class='ocrx_word' id='word_1_238' title='bbox 858 2529 984 2606; x_wconf 85' lang='lat' dir='ltr'>respicit.</span> <span class='ocrx_word' id='word_1_239' title='bbox 1011 2544 1109 2606; x_wconf 88' lang='lat' dir='ltr'>neque</span> <span class='ocrx_word' id='word_1_240' title='bbox 1126 2528 1207 2587; x_wconf 86' lang='lat' dir='ltr'>enim</span> 
     </span>
     <span class='ocr_line' id='line_1_27' title="bbox 117 2610 1208 2692; baseline -0.001 -22"><span class='ocrx_word' id='word_1_241' title='bbox 117 2615 143 2670; x_wconf 92' lang='lat' dir='ltr'>is</span> <span class='ocrx_word' id='word_1_242' title='bbox 169 2619 232 2671; x_wconf 85' lang='lat' dir='ltr'>erat</span> <span class='ocrx_word' id='word_1_243' title='bbox 261 2619 350 2691; x_wconf 87' lang='lat' dir='ltr'>poeta</span> <span class='ocrx_word' id='word_1_244' title='bbox 375 2613 428 2691; x_wconf 92' lang='lat' dir='ltr'>qui</span> <span class='ocrx_word' id='word_1_245' title='bbox 456 2614 532 2671; x_wconf 88' lang='lat' dir='ltr'>iram</span> <span class='ocrx_word' id='word_1_246' title='bbox 561 2612 653 2672; x_wconf 91' lang='lat' dir='ltr'>semel</span> <span class='ocrx_word' id='word_1_247' title='bbox 682 2620 855 2692; x_wconf 86' lang='lat' dir='ltr'>conceptam</span> <span class='ocrx_word' id='word_1_248' title='bbox 883 2610 973 2671; x_wconf 84' lang='lat' dir='ltr'>facile</span> <span class='ocrx_word' id='word_1_249' title='bbox 1002 2613 1208 2691; x_wconf 75' lang='lat' dir='ltr'>supprimeret,</span> 
     </span>
     <span class='ocr_line' id='line_1_28' title="bbox 117 2697 1208 2775; baseline 0 -19"><span class='ocrx_word' id='word_1_250' title='bbox 117 2699 287 2775; x_wconf 86' lang='lat' dir='ltr'>spirantque</span> <span class='ocrx_word' id='word_1_251' title='bbox 304 2697 337 2756; x_wconf 87' lang='lat' dir='ltr'>hi</span> <span class='ocrx_word' id='word_1_252' title='bbox 358 2697 450 2756; x_wconf 90' lang='lat' dir='ltr'>iambi</span> <span class='ocrx_word' id='word_1_253' title='bbox 469 2697 627 2757; x_wconf 78' lang='lat' dir='ltr'>manifesto</span> <span class='ocrx_word' id='word_1_254' title='bbox 649 2717 752 2758; x_wconf 87' lang='lat' dir='ltr'>recens</span> <span class='ocrx_word' id='word_1_255' title='bbox 775 2697 883 2758; x_wconf 87' lang='lat' dir='ltr'>odium.</span> <span class='ocrx_word' id='word_1_256' title='bbox 927 2699 1041 2757; x_wconf 85' lang='lat' dir='ltr'>Romae</span> <span class='ocrx_word' id='word_1_257' title='bbox 1062 2715 1132 2758; x_wconf 86' lang='lat' dir='ltr'>vero</span> <span class='ocrx_word' id='word_1_258' title='bbox 1155 2715 1208 2757; x_wconf 88' lang='lat' dir='ltr'>eos</span> 
     </span>
     <span class='ocr_line' id='line_1_29' title="bbox 116 2780 1208 2863; baseline 0.002 -23"><span class='ocrx_word' id='word_1_259' title='bbox 116 2781 283 2863; x_wconf 85' lang='lat' dir='ltr'>publicatos</span> <span class='ocrx_word' id='word_1_260' title='bbox 309 2800 384 2855; x_wconf 87' lang='lat' dir='ltr'>esse,</span> <span class='ocrx_word' id='word_1_261' title='bbox 411 2802 473 2842; x_wconf 91' lang='lat' dir='ltr'>non</span> <span class='ocrx_word' id='word_1_262' title='bbox 492 2783 643 2856; x_wconf 88' lang='lat' dir='ltr'>Veronae,</span> <span class='ocrx_word' id='word_1_263' title='bbox 671 2800 748 2862; x_wconf 88' lang='lat' dir='ltr'>quae</span> <span class='ocrx_word' id='word_1_264' title='bbox 774 2792 819 2842; x_wconf 86' lang='lat' dir='ltr'>est</span> <span class='ocrx_word' id='word_1_265' title='bbox 843 2781 1022 2862; x_wconf 83' lang='lat' dir='ltr'>Westpbalii</span> <span class='ocrx_word' id='word_1_266' title='bbox 1046 2801 1074 2860; x_wconf 94' lang='lat' dir='ltr'>p.</span> <span class='ocrx_word' id='word_1_267' title='bbox 1101 2780 1163 2840; x_wconf 90' lang='grc'>268</span> <span class='ocrx_word' id='word_1_268' title='bbox 1182 2800 1208 2842; x_wconf 90' lang='lat' dir='ltr'>s.</span> 
     </span>
     <span class='ocr_line' id='line_1_30' title="bbox 118 2864 1206 2948; baseline -0.002 -22"><span class='ocrx_word' id='word_1_269' title='bbox 118 2869 231 2945; x_wconf 90' lang='lat' dir='ltr'>opinio,</span> <span class='ocrx_word' id='word_1_270' title='bbox 258 2866 402 2945; x_wconf 89' lang='lat' dir='ltr'>conplura</span> <span class='ocrx_word' id='word_1_271' title='bbox 423 2875 492 2927; x_wconf 87' lang='lat' dir='ltr'>sunt</span> <span class='ocrx_word' id='word_1_272' title='bbox 512 2886 590 2948; x_wconf 88' lang='lat' dir='ltr'>quae</span> <span class='ocrx_word' id='word_1_273' title='bbox 615 2868 749 2946; x_wconf 89' lang='lat' dir='ltr'>probent.</span> <span class='ocrx_word' id='word_1_274' title='bbox 784 2870 913 2946; x_wconf 89' lang='lat' dir='ltr'>primum</span> <span class='ocrx_word' id='word_1_275' title='bbox 939 2869 1019 2926; x_wconf 88' lang='lat' dir='ltr'>enim</span> <span class='ocrx_word' id='word_1_276' title='bbox 1043 2868 1097 2924; x_wconf 85' lang='lat' dir='ltr'>vix</span> <span class='ocrx_word' id='word_1_277' title='bbox 1124 2864 1206 2924; x_wconf 85' lang='lat' dir='ltr'>credi</span> 
     </span>
     <span class='ocr_line' id='line_1_31' title="bbox 118 2950 1208 3031; baseline -0.002 -21"><span class='ocrx_word' id='word_1_278' title='bbox 118 2959 214 3030; x_wconf 89' lang='lat' dir='ltr'>potest</span> <span class='ocrx_word' id='word_1_279' title='bbox 231 2950 366 3010; x_wconf 78' lang='lat' dir='ltr'>Catullus</span> <span class='ocrx_word' id='word_1_280' title='bbox 383 2953 590 3030; x_wconf 85' lang='lat' dir='ltr'>imperatorem</span> <span class='ocrx_word' id='word_1_281' title='bbox 607 2954 640 3011; x_wconf 89' lang='lat' dir='ltr'>in</span> <span class='ocrx_word' id='word_1_282' title='bbox 656 2954 722 3031; x_wconf 90' lang='lat' dir='ltr'>ipsa</span> <span class='ocrx_word' id='word_1_283' title='bbox 739 2955 802 3012; x_wconf 90' lang='lat' dir='ltr'>eius</span> <span class='ocrx_word' id='word_1_284' title='bbox 824 2953 979 3030; x_wconf 88' lang='lat' dir='ltr'>provincia</span> <span class='ocrx_word' id='word_1_285' title='bbox 996 2957 1057 3008; x_wconf 82' lang='lat' dir='ltr'>tam</span> <span class='ocrx_word' id='word_1_286' title='bbox 1075 2953 1208 3026; x_wconf 81' lang='lat' dir='ltr'>graviter</span> 
     </span>
     <span class='ocr_line' id='line_1_32' title="bbox 116 3034 1206 3115; baseline -0.001 -20"><span class='ocrx_word' id='word_1_287' title='bbox 116 3039 271 3114; x_wconf 85' lang='lat' dir='ltr'>increpare</span> <span class='ocrx_word' id='word_1_288' title='bbox 293 3053 381 3094; x_wconf 91' lang='lat' dir='ltr'>ausus</span> <span class='ocrx_word' id='word_1_289' title='bbox 403 3054 473 3110; x_wconf 83' lang='lat' dir='ltr'>esse,</span> <span class='ocrx_word' id='word_1_290' title='bbox 500 3055 597 3115; x_wconf 88' lang='lat' dir='ltr'>neque</span> <span class='ocrx_word' id='word_1_291' title='bbox 618 3035 651 3096; x_wconf 91' lang='lat' dir='ltr'>id</span> <span class='ocrx_word' id='word_1_292' title='bbox 672 3039 773 3115; x_wconf 87' lang='lat' dir='ltr'>patris,</span> <span class='ocrx_word' id='word_1_293' title='bbox 801 3039 849 3095; x_wconf 90' lang='lat' dir='ltr'>cui</span> <span class='ocrx_word' id='word_1_294' title='bbox 875 3034 1116 3096; x_wconf 86' lang='lat' dir='ltr'>consuetudinem</span> <span class='ocrx_word' id='word_1_295' title='bbox 1138 3053 1206 3094; x_wconf 90' lang='lat' dir='ltr'>oum</span> 
     </span>
     <span class='ocr_line' id='line_1_33' title="bbox 118 3118 1208 3200; baseline -0.001 -19"><span class='ocrx_word' id='word_1_296' title='bbox 118 3119 246 3181; x_wconf 75' lang='lat' dir='ltr'>Caesare</span> <span class='ocrx_word' id='word_1_297' title='bbox 267 3121 466 3180; x_wconf 87' lang='lat' dir='ltr'>intercessisse</span> <span class='ocrx_word' id='word_1_298' title='bbox 487 3123 603 3193; x_wconf 82' lang='lat' dir='ltr'>scimus,</span> <span class='ocrx_word' id='word_1_299' title='bbox 630 3121 726 3200; x_wconf 91' lang='lat' dir='ltr'>pudor</span> <span class='ocrx_word' id='word_1_300' title='bbox 747 3123 916 3199; x_wconf 87' lang='lat' dir='ltr'>permisisse</span> <span class='ocrx_word' id='word_1_301' title='bbox 936 3119 1061 3180; x_wconf 86' lang='lat' dir='ltr'>videtur.</span> <span class='ocrx_word' id='word_1_302' title='bbox 1098 3118 1208 3180; x_wconf 89' lang='lat' dir='ltr'>deinde</span> 
     </span>
     <span class='ocr_line' id='line_1_34' title="bbox 116 3204 1208 3286; baseline 0 -20"><span class='ocrx_word' id='word_1_303' title='bbox 116 3205 177 3266; x_wconf 83' lang='lat' dir='ltr'>talo</span> <span class='ocrx_word' id='word_1_304' title='bbox 194 3223 312 3264; x_wconf 86' lang='lat' dir='ltr'>carmen</span> <span class='ocrx_word' id='word_1_305' title='bbox 334 3204 425 3264; x_wconf 89' lang='lat' dir='ltr'>multo</span> <span class='ocrx_word' id='word_1_306' title='bbox 448 3208 545 3284; x_wconf 86' lang='lat' dir='ltr'>aptius</span> <span class='ocrx_word' id='word_1_307' title='bbox 561 3204 693 3286; x_wconf 87' lang='lat' dir='ltr'>profacto</span> <span class='ocrx_word' id='word_1_308' title='bbox 716 3204 757 3264; x_wconf 89' lang='lat' dir='ltr'>ad</span> <span class='ocrx_word' id='word_1_309' title='bbox 775 3207 958 3284; x_wconf 89' lang='lat' dir='ltr'>propositum</span> <span class='ocrx_word' id='word_1_310' title='bbox 976 3211 1039 3265; x_wconf 85' lang='lat' dir='ltr'>erat</span> <span class='ocrx_word' id='word_1_311' title='bbox 1054 3206 1087 3263; x_wconf 91' lang='lat' dir='ltr'>in</span> <span class='ocrx_word' id='word_1_312' title='bbox 1110 3207 1208 3285; x_wconf 87' lang='lat' dir='ltr'>capite</span> 
     </span>
     <span class='ocr_line' id='line_1_35' title="bbox 118 3289 1207 3370; baseline -0.002 -18"><span class='ocrx_word' id='word_1_313' title='bbox 118 3290 197 3352; x_wconf 88' lang='lat' dir='ltr'>orbis</span> <span class='ocrx_word' id='word_1_314' title='bbox 216 3298 361 3350; x_wconf 86' lang='lat' dir='ltr'>terrarum</span> <span class='ocrx_word' id='word_1_315' title='bbox 383 3309 473 3369; x_wconf 90' lang='lat' dir='ltr'>quam</span> <span class='ocrx_word' id='word_1_316' title='bbox 494 3292 527 3350; x_wconf 88' lang='lat' dir='ltr'>in</span> <span class='ocrx_word' id='word_1_317' title='bbox 548 3293 709 3369; x_wconf 89' lang='lat' dir='ltr'>municipio</span> <span class='ocrx_word' id='word_1_318' title='bbox 732 3294 871 3363; x_wconf 87' lang='lat' dir='ltr'>emittere,</span> <span class='ocrx_word' id='word_1_319' title='bbox 898 3309 995 3370; x_wconf 87' lang='lat' dir='ltr'>neque</span> <span class='ocrx_word' id='word_1_320' title='bbox 1016 3289 1139 3350; x_wconf 91' lang='lat' dir='ltr'>dubium</span> <span class='ocrx_word' id='word_1_321' title='bbox 1161 3298 1207 3350; x_wconf 84' lang='lat' dir='ltr'>est</span> 
     </span>
     <span class='ocr_line' id='line_1_36' title="bbox 117 3372 1207 3456; baseline -0.002 -21"><span class='ocrx_word' id='word_1_322' title='bbox 117 3377 190 3456; x_wconf 90' lang='lat' dir='ltr'>quin</span> <span class='ocrx_word' id='word_1_323' title='bbox 214 3383 302 3454; x_wconf 83' lang='lat' dir='ltr'>poeta</span> <span class='ocrx_word' id='word_1_324' title='bbox 322 3375 421 3436; x_wconf 88' lang='lat' dir='ltr'>verbis</span> <span class='ocrx_word' id='word_1_325' title='bbox 444 3375 580 3436; x_wconf 86' lang='lat' dir='ltr'>‘cinaeda</span> <span class='ocrx_word' id='word_1_326' title='bbox 601 3375 740 3436; x_wconf 82' lang='lat' dir='ltr'>Romule’</span> <span class='ocrx_word' id='word_1_327' title='bbox 763 3372 804 3450; x_wconf 85' lang='lat' dir='ltr'>(v.</span> <span class='ocrx_word' id='word_1_328' title='bbox 823 3375 841 3434; x_wconf 87' lang='lat'>5</span> <span class='ocrx_word' id='word_1_329' title='bbox 862 3383 891 3435; x_wconf 91' lang='lat' dir='ltr'>et</span> <span class='ocrx_word' id='word_1_330' title='bbox 910 3375 955 3454; x_wconf 82' lang='lat'>9),</span> <span class='ocrx_word' id='word_1_331' title='bbox 979 3373 1011 3434; x_wconf 91' lang='lat' dir='ltr'>id</span> <span class='ocrx_word' id='word_1_332' title='bbox 1032 3375 1111 3454; x_wconf 92' lang='lat' dir='ltr'>quod</span> <span class='ocrx_word' id='word_1_333' title='bbox 1134 3373 1207 3436; x_wconf 85' lang='lat' dir='ltr'>Otto</span> 
     </span>
     <span class='ocr_line' id='line_1_37' title="bbox 116 3460 1205 3540; baseline 0.002 -20"><span class='ocrx_word' id='word_1_334' title='bbox 116 3460 241 3520; x_wconf 88' lang='lat' dir='ltr'>Iahnius</span> <span class='ocrx_word' id='word_1_335' title='bbox 258 3461 407 3520; x_wconf 85' lang='lat' dir='ltr'>intellexit</span> <span class='ocrx_word' id='word_1_336' title='bbox 423 3461 554 3521; x_wconf 86' lang='lat' dir='ltr'>Hermas</span> <span class='ocrx_word' id='word_1_337' title='bbox 570 3461 613 3534; x_wconf 85' lang='lat'>11,</span> <span class='ocrx_word' id='word_1_338' title='bbox 633 3481 662 3540; x_wconf 92' lang='lat' dir='ltr'>p.</span> <span class='ocrx_word' id='word_1_339' title='bbox 681 3462 744 3520; x_wconf 81' lang='grc'>240</span> <span class='ocrx_word' id='word_1_340' title='bbox 758 3481 789 3535; x_wconf 84' lang='lat' dir='ltr'>s.,</span> <span class='ocrx_word' id='word_1_341' title='bbox 812 3481 830 3520; x_wconf 91' lang='lat' dir='ltr'>a</span> <span class='ocrx_word' id='word_1_342' title='bbox 848 3464 930 3520; x_wconf 88' lang='lat' dir='ltr'>cuins</span> <span class='ocrx_word' id='word_1_343' title='bbox 952 3460 1067 3540; x_wconf 89' lang='lat' dir='ltr'>reliqua</span> <span class='ocrx_word' id='word_1_344' title='bbox 1084 3460 1205 3540; x_wconf 88' lang='lat' dir='ltr'>quidem</span> 
     </span>
     <span class='ocr_line' id='line_1_38' title="bbox 117 3544 1205 3626; baseline -0.002 -21"><span class='ocrx_word' id='word_1_345' title='bbox 117 3545 317 3624; x_wconf 82' lang='lat' dir='ltr'>disputatione</span> <span class='ocrx_word' id='word_1_346' title='bbox 333 3545 423 3624; x_wconf 87' lang='lat' dir='ltr'>plane</span> <span class='ocrx_word' id='word_1_347' title='bbox 441 3545 591 3618; x_wconf 89' lang='lat' dir='ltr'>dissentio,</span> <span class='ocrx_word' id='word_1_348' title='bbox 610 3566 671 3605; x_wconf 91' lang='lat' dir='ltr'>non</span> <span class='ocrx_word' id='word_1_349' title='bbox 685 3544 851 3619; x_wconf 80' lang='lat' dir='ltr'>Gaesarem,</span> <span class='ocrx_word' id='word_1_350' title='bbox 869 3553 903 3605; x_wconf 88' lang='lat' dir='ltr'>ut</span> <span class='ocrx_word' id='word_1_351' title='bbox 914 3546 1006 3622; x_wconf 84' lang='lat' dir='ltr'>vulgo</span> <span class='ocrx_word' id='word_1_352' title='bbox 1020 3553 1134 3626; x_wconf 88' lang='lat' dir='ltr'>putant,</span> <span class='ocrx_word' id='word_1_353' title='bbox 1152 3545 1205 3604; x_wconf 90' lang='lat' dir='ltr'>sed</span> 
     </span>
     <span class='ocr_line' id='line_1_39' title="bbox 116 3629 1206 3711; baseline -0.002 -21"><span class='ocrx_word' id='word_1_354' title='bbox 116 3629 258 3710; x_wconf 88' lang='lat' dir='ltr'>populum</span> <span class='ocrx_word' id='word_1_355' title='bbox 275 3632 443 3690; x_wconf 87' lang='lat' dir='ltr'>Romanum</span> <span class='ocrx_word' id='word_1_356' title='bbox 461 3630 681 3711; x_wconf 86' lang='lat' dir='ltr'>conpellavorit.</span> <span class='ocrx_word' id='word_1_357' title='bbox 716 3633 769 3711; x_wconf 89' lang='lat' dir='ltr'>qui</span> <span class='ocrx_word' id='word_1_358' title='bbox 785 3633 865 3690; x_wconf 89' lang='lat' dir='ltr'>enim</span> <span class='ocrx_word' id='word_1_359' title='bbox 883 3629 1018 3692; x_wconf 78' lang='lat' dir='ltr'>Catullus</span> <span class='ocrx_word' id='word_1_360' title='bbox 1036 3632 1206 3690; x_wconf 88' lang='lat' dir='ltr'>eumenius</span> 
     </span>
     <span class='ocr_line' id='line_1_40' title="bbox 116 3715 1206 3788; baseline 0 -12"><span class='ocrx_word' id='word_1_361' title='bbox 116 3715 260 3776; x_wconf 86' lang='lat' dir='ltr'>beneficio</span> <span class='ocrx_word' id='word_1_362' title='bbox 282 3715 411 3775; x_wconf 87' lang='lat' dir='ltr'>habebat</span> <span class='ocrx_word' id='word_1_363' title='bbox 427 3716 580 3776; x_wconf 81' lang='lat' dir='ltr'>Mamurra</span> <span class='ocrx_word' id='word_1_364' title='bbox 601 3717 720 3776; x_wconf 88' lang='lat' dir='ltr'>divitias</span> <span class='ocrx_word' id='word_1_365' title='bbox 738 3715 857 3777; x_wconf 77' lang='lat' dir='ltr'>Galliae</span> <span class='ocrx_word' id='word_1_366' title='bbox 879 3724 908 3777; x_wconf 86' lang='lat' dir='ltr'>et</span> <span class='ocrx_word' id='word_1_367' title='bbox 928 3717 1110 3788; x_wconf 85' lang='lat' dir='ltr'>Britanniae,</span> <span class='ocrx_word' id='word_1_368' title='bbox 1133 3733 1206 3776; x_wconf 87' lang='lat' dir='ltr'>num</span> 
     </span>
     <span class='ocr_line' id='line_1_41' title="bbox 116 3800 1205 3880; baseline -0.001 -21"><span class='ocrx_word' id='word_1_369' title='bbox 116 3800 174 3860; x_wconf 90' lang='lat' dir='ltr'>boc</span> <span class='ocrx_word' id='word_1_370' title='bbox 199 3801 315 3861; x_wconf 88' lang='lat' dir='ltr'>visurus</span> <span class='ocrx_word' id='word_1_371' title='bbox 342 3808 372 3860; x_wconf 91' lang='lat' dir='ltr'>et</span> <span class='ocrx_word' id='word_1_372' title='bbox 397 3801 510 3860; x_wconf 88' lang='lat' dir='ltr'>laturus</span> <span class='ocrx_word' id='word_1_373' title='bbox 536 3809 613 3861; x_wconf 88' lang='lat' dir='ltr'>esset</span> <span class='ocrx_word' id='word_1_374' title='bbox 637 3803 819 3879; x_wconf 85' lang='lat' dir='ltr'>interrogare</span> <span class='ocrx_word' id='word_1_375' title='bbox 848 3800 964 3880; x_wconf 78' lang='lat' dir='ltr'>potuit?</span> <span class='ocrx_word' id='word_1_376' title='bbox 1002 3803 1091 3860; x_wconf 91' lang='lat' dir='ltr'>immo</span> <span class='ocrx_word' id='word_1_377' title='bbox 1116 3816 1205 3858; x_wconf 88' lang='lat' dir='ltr'>versu</span> 
     </span>
     <span class='ocr_line' id='line_1_42' title="bbox 118 3884 1206 3964; baseline -0.002 -20"><span class='ocrx_word' id='word_1_378' title='bbox 118 3884 236 3945; x_wconf 90' lang='lat' dir='ltr'>demum</span> <span class='ocrx_word' id='word_1_379' title='bbox 255 3887 292 3943; x_wconf 92' lang='lat'>11</span> <span class='ocrx_word' id='word_1_380' title='bbox 317 3885 356 3944; x_wconf 88' lang='lat' dir='ltr'>ad</span> <span class='ocrx_word' id='word_1_381' title='bbox 379 3884 537 3946; x_wconf 80' lang='lat' dir='ltr'>(laesuram</span> <span class='ocrx_word' id='word_1_382' title='bbox 559 3889 740 3946; x_wconf 85' lang='lat' dir='ltr'>convertitur</span> <span class='ocrx_word' id='word_1_383' title='bbox 761 3888 867 3959; x_wconf 87' lang='lat' dir='ltr'>oratio,</span> <span class='ocrx_word' id='word_1_384' title='bbox 890 3885 1130 3964; x_wconf 86' lang='lat' dir='ltr'>ineptissimequa</span> <span class='ocrx_word' id='word_1_385' title='bbox 1150 3886 1206 3942; x_wconf 91' lang='lat' dir='ltr'>im·</span> 
     </span>
     <span class='ocr_line' id='line_1_43' title="bbox 116 3968 1206 4051; baseline -0.001 -22"><span class='ocrx_word' id='word_1_386' title='bbox 116 3978 233 4049; x_wconf 88' lang='lat' dir='ltr'>perator</span> <span class='ocrx_word' id='word_1_387' title='bbox 261 3973 368 4030; x_wconf 89' lang='lat' dir='ltr'>unicus</span> <span class='ocrx_word' id='word_1_388' title='bbox 394 3971 592 4051; x_wconf 86' lang='lat' dir='ltr'>adpellaretur</span> <span class='ocrx_word' id='word_1_389' title='bbox 618 3968 720 4045; x_wconf 88' lang='lat' dir='ltr'>(etiam</span> <span class='ocrx_word' id='word_1_390' title='bbox 750 3973 776 4031; x_wconf 92' lang='lat' dir='ltr'>si</span> <span class='ocrx_word' id='word_1_391' title='bbox 800 3971 834 4031; x_wconf 91' lang='lat' dir='ltr'>id</span> <span class='ocrx_word' id='word_1_392' title='bbox 862 3973 975 4030; x_wconf 87' lang='lat' dir='ltr'>ironica</span> <span class='ocrx_word' id='word_1_393' title='bbox 1001 3968 1112 4028; x_wconf 88' lang='lat' dir='ltr'>dictum</span> <span class='ocrx_word' id='word_1_394' title='bbox 1141 3985 1206 4028; x_wconf 86' lang='lat' dir='ltr'>esse</span> 
     </span>
     <span class='ocr_line' id='line_1_44' title="bbox 116 4053 1205 4136; baseline -0.003 -21"><span class='ocrx_word' id='word_1_395' title='bbox 116 4054 239 4134; x_wconf 80' lang='lat' dir='ltr'>statuas)</span> <span class='ocrx_word' id='word_1_396' title='bbox 257 4058 309 4136; x_wconf 90' lang='lat' dir='ltr'>qui</span> <span class='ocrx_word' id='word_1_397' title='bbox 326 4055 413 4116; x_wconf 89' lang='lat' dir='ltr'>modo</span> <span class='ocrx_word' id='word_1_398' title='bbox 431 4055 573 4116; x_wconf 87' lang='lat' dir='ltr'>cinaedus</span> <span class='ocrx_word' id='word_1_399' title='bbox 585 4057 738 4117; x_wconf 88' lang='lat' dir='ltr'>Romulus.</span> <span class='ocrx_word' id='word_1_400' title='bbox 765 4075 863 4134; x_wconf 85' lang='lat' dir='ltr'>nequo</span> <span class='ocrx_word' id='word_1_401' title='bbox 879 4062 976 4134; x_wconf 90' lang='lat' dir='ltr'>potest</span> <span class='ocrx_word' id='word_1_402' title='bbox 992 4053 1049 4112; x_wconf 90' lang='lat' dir='ltr'>hoc</span> <span class='ocrx_word' id='word_1_403' title='bbox 1065 4053 1130 4113; x_wconf 88' lang='lat' dir='ltr'>loco</span> <span class='ocrx_word' id='word_1_404' title='bbox 1144 4074 1205 4112; x_wconf 84' lang='lat' dir='ltr'>vox</span> 
     </span>
     <span class='ocr_line' id='line_1_45' title="bbox 114 4138 1205 4221; baseline -0.002 -22"><span class='ocrx_word' id='word_1_405' title='bbox 114 4159 193 4221; x_wconf 87' lang='lat' dir='ltr'>quae</span> <span class='ocrx_word' id='word_1_406' title='bbox 214 4148 259 4202; x_wconf 91' lang='lat' dir='ltr'>est</span> <span class='ocrx_word' id='word_1_407' title='bbox 280 4143 412 4200; x_wconf 80' lang='lat' dir='ltr'>cinaedus</span> <span class='ocrx_word' id='word_1_408' title='bbox 437 4143 585 4221; x_wconf 86' lang='lat' dir='ltr'>propriam</span> <span class='ocrx_word' id='word_1_409' title='bbox 611 4161 694 4202; x_wconf 85' lang='lat' dir='ltr'>suum</span> <span class='ocrx_word' id='word_1_410' title='bbox 719 4141 968 4219; x_wconf 83' lang='lat' dir='ltr'>significationem</span> <span class='ocrx_word' id='word_1_411' title='bbox 989 4138 1107 4215; x_wconf 88' lang='lat' dir='ltr'>habere,</span> <span class='ocrx_word' id='word_1_412' title='bbox 1133 4158 1205 4221; x_wconf 79' lang='lat' dir='ltr'>quo-¹</span> 
     </span>
    </p>
   </div>
   <div class='ocr_carea' id='block_1_3' title="bbox 0 0 1483 4990">
    <p class='ocr_par' dir='ltr' id='par_1_3' title="bbox 0 0 1483 4990">
     <span class='ocr_line' id='line_1_46' title="bbox 0 0 1483 4990; baseline 0 0"><span class='ocrx_word' id='word_1_413' title='bbox 0 0 1483 4990; x_wconf 95' lang='lat' dir='ltr'> </span> 
     </span>
    </p>
   </div>
  </div>
 </body>
</html>
