2954 4990
546 393 774 437 PROLECOMENA
1121 395 1215 438 XLVII

114 511 197 590 apud
214 509 365 572 Catullum
382 512 578 572 restituendas
601 531 672 586 esse,
695 512 819 573 fortasse
839 520 926 586 recte,
949 515 1121 593 praesertim
1138 533 1206 572 cum

115 617 140 656 c.
160 596 253 656 CXb
278 606 307 658 et
330 597 404 658 CXI
429 603 444 656 1
471 597 564 657 codex
586 596 765 657 Oxoniensis
789 597 899 677 duplex
916 598 928 656 l
946 599 1091 659 exhibeat.
1126 598 1214 658 idem.

115 701 140 740 c.
161 681 185 741 C
204 683 332 742 ostendit
349 683 461 742 Catulli
486 701 615 742 amorem
631 681 791 743 Aufileuae
812 686 845 741 in
865 690 981 762 tempus
1002 683 1122 744 foedere
1143 687 1206 744 cius

115 785 183 825 cum
198 765 304 827 Clodia
320 770 465 847 posterius
482 768 622 828 incidere.
650 766 753 827 Caelio
771 770 850 828 enim
863 772 977 828 amanti
993 778 1081 848 poeta
1094 789 1122 828 v.
1138 769 1208 829 best

113 855 210 928 magis
228 851 310 913 favet
327 861 482 933 propterea
500 856 570 934 quia
591 855 617 911 is
634 872 737 912 verum
755 873 786 913 se
804 856 931 912 amicum
948 857 1102 932 praestitit,
1126 854 1207 914 ‘cum

114 937 250 1012 vesana¹,
264 939 370 1017 inquit,
390 939 482 997 ‘meas
495 945 618 998 torreret
633 938 752 998 flamma
765 938 932 1011 medullas’,
952 958 1028 1017 quae
1040 939 1132 999 verba
1145 960 1207 999 non

113 1029 238 1098 possunt
250 1025 308 1082 nisi
321 1023 360 1082 ad
372 1023 500 1083 Lesbiae
514 1041 643 1082 amorem
656 1024 767 1083 referri.
794 1023 871 1082 conf.
885 1044 914 1103 p.
923 1024 1002 1084 XIV
1010 1032 1039 1084 et
1048 1045 1070 1084 c.
1080 1025 1143 1084 VH
1157 1026 1208 1082 10.

114 1107 216 1185 itaque
237 1111 291 1166 vix
312 1109 487 1179 errabimus,
515 1110 541 1166 si
560 1109 620 1166 tria
641 1109 698 1166 ista
724 1110 856 1166 carmina
877 1127 954 1187 quae
974 1108 1013 1166 ad
1033 1108 1209 1169 Aufilenam

115 1199 250 1269 spectant
277 1213 355 1253 anno
383 1188 497 1273 699j55
524 1191 574 1253 vel
597 1188 711 1270 700154
738 1192 937 1269 adsignemus.
973 1193 1076 1252 eadem
1101 1195 1211 1254 mulier

114 1280 215 1336 nescio
234 1299 273 1336 an
290 1278 380 1338 fucrit
393 1286 496 1337 contra
509 1293 598 1360 quam
612 1276 746 1336 Catullus
760 1277 920 1357 pugillaria
937 1296 992 1335 sua
1009 1278 1067 1337 sibi
1083 1278 1208 1338 reddere
1237 1348 1239 1353 ¹

115 1361 267 1422 uolentem
294 1384 317 1422 c.
343 1363 438 1421 XLII
463 1362 728 1442 hendecasyllabos
754 1381 821 1422 suos
847 1371 997 1442 tamquam
1022 1382 1112 1422 canes
1139 1383 1206 1423 con·

114 1453 212 1506 vocat.
248 1447 495 1527 Transpadanam
518 1451 596 1508 enim
623 1466 690 1506 eam
715 1446 808 1507 fuisse
828 1446 900 1507 inde
921 1467 988 1506 cum
1015 1447 1116 1527 aliqua
1141 1469 1207 1527 pro·

113 1530 271 1592 habilitate
290 1531 448 1592 concludas
466 1532 546 1613 quod
562 1553 590 1592 v.
610 1534 628 1591 9
649 1533 754 1592 ‘catuli
772 1551 822 1592 ore
840 1532 1003 1593 Gallicani’
1021 1532 1119 1592 ridere
1137 1533 1210 1594 dici-

113 1623 172 1675 tur.
208 1616 245 1676 de
262 1616 404 1678 Ametina
429 1625 526 1677 autem
549 1621 665 1696 etipsa
682 1617 906 1696 Transpadana,
930 1636 1007 1697 quae
1028 1619 1209 1680 carminibus

113 1703 224 1760 vicinis
241 1703 318 1762 XLI
335 1712 364 1762 et
379 1703 490 1762 XLIII
507 1705 723 1782 perstringitur,
746 1710 846 1763 tamen
864 1723 932 1762 cum
948 1701 1055 1762 Ellisio
1077 1707 1210 1781 cogitare

114 1786 209 1845 nolim
227 1788 265 1847 ob
283 1807 348 1847 eam
366 1807 485 1848 causam
503 1787 583 1867 quod
601 1807 667 1846 cum
684 1787 740 1847 hac
758 1790 925 1847 Mamurrae
942 1790 1038 1846 amica
1055 1808 1117 1848 nou
1134 1789 1209 1849 mul-

114 1878 180 1930 tum
198 1875 318 1932 omnino
336 1881 424 1952 poeta
440 1876 564 1932 rationis
582 1872 722 1933 habuisse
739 1873 864 1946 videtur,
884 1892 977 1952 eaque
999 1880 1128 1934 scortum
1145 1883 1212 1934 erat

115 1959 211 2036 pretio
230 1961 286 2018 etsi
302 1979 410 2035 magno
428 1957 642 2018 redimendum.
677 1956 849 2018 Aufilenam
866 1965 977 2030 contra,
995 1957 1156 2033 mulierem,
1174 1968 1213 2020 ut

114 2039 258 2116 vidImus,
280 2046 344 2102 viro
367 2050 503 2123 nuptam,
530 2063 591 2102 non
612 2042 712 2121 palam
734 2046 851 2103 sesain
868 2044 1034 2102 meretricia
1054 2045 1118 2102 vita
1140 2064 1209 2103 con·

114 2127 229 2187 locasse
247 2148 314 2188 cum
331 2148 384 2207 per
401 2148 433 2188 se
449 2128 639 2204 intellegitur,
658 2136 721 2186 tum
740 2130 877 2187 carminis
892 2126 949 2187 CX
962 2147 1065 2186 versus
1083 2131 1209 2188 extremi

114 2213 302 2286 confirmant,
325 2221 428 2293 estque
445 2215 510 2272 veri
531 2213 627 2272 simile
647 2212 749 2292 paullo
771 2215 912 2272 maiorem
930 2211 1048 2273 Catullo
1067 2214 1210 2274 cumbae

114 2317 203 2356 usum
221 2300 428 2372 intercessisse,
451 2300 592 2377 quoniam
610 2317 699 2376 saepe
721 2317 753 2357 se
775 2317 897 2357 munera
914 2300 942 2357 ei
960 2296 1100 2357 detulisse
1117 2302 1208 2376 signi·

116 2382 187 2442 ficet
200 2379 271 2457 (CX
284 2380 326 2459 4).
353 2385 454 2463 itaque
467 2393 585 2462 poetam
598 2383 757 2463 aliquando
776 2382 928 2443 codicillos
943 2382 1023 2461 apud
1034 2383 1208 2444 Aufilenam

114 2467 277 2548 reliquisse,
297 2489 371 2549 quos
388 2489 425 2528 ea
441 2468 596 2549 postmodo
610 2469 759 2546 flagitanti
772 2468 895 2529 reddere
907 2470 1064 2542 recusavit,
1083 2468 1209 2530 fortasse

116 2555 187 2633 quia
203 2554 365 2614 versiculos
383 2555 575 2614 continebant
592 2557 625 2613 in
641 2554 760 2614 laudem
777 2554 895 2634 puellae
912 2555 1045 2630 scriptos,
1062 2553 1150 2613 facile
1169 2554 1207 2613 ad

116 2638 296 2699 credendum
317 2648 369 2700 est.
406 2639 534 2718 denique
552 2660 571 2698 a
588 2639 647 2698 fide
668 2661 729 2699 uon
752 2640 889 2699 abhorret
907 2638 986 2718 quod
1003 2638 1210 2716 Westphalius

115 2745 144 2804 p.
160 2725 219 2784 181
240 2727 405 2804 suspicatus
420 2733 463 2784 est
475 2727 656 2804 municipem
668 2727 758 2784 istum
772 2723 884 2785 Catulli
895 2728 929 2783 in
942 2744 967 2782 c.
980 2723 1075 2783 XVII
1088 2733 1210 2802 propter

117 2812 273 2886 segnitiem
291 2830 375 2869 suam
393 2817 422 2869 et
438 2812 540 2869 uxoris
558 2817 654 2870 aetate
671 2810 825 2889 formaque
842 2811 974 2870 florentis
990 2808 1209 2884 neglectionem

115 2893 244 2954 ludibrio
260 2894 394 2954 habitum
406 2898 544 2953 maritum
558 2894 689 2954 eiusdem
701 2895 833 2955 mulieris
845 2894 945 2953 fuisse.
972 2892 1051 2971 quod
1065 2896 1209 2952 siveram

116 2988 169 3051 est,
187 2979 243 3037 hoc
261 2981 440 3056 poematium
457 2977 569 3038 factum
586 2997 650 3038 esse
667 2979 792 3058 adparet
808 2987 878 3037 ante
895 2998 983 3057 quam
998 2976 1131 3036 Catullus
1144 2976 1207 3036 Au-

115 3062 238 3122 filenam
257 3062 415 3122 sollicitare
431 3065 584 3142 inciperet.
598 3093 641 3105 ·-
653 3082 701 3123 res
717 3068 790 3123 item
803 3063 989 3122 Veronenses
1003 3069 1033 3120 et
1045 3062 1209 3122 Brixianae

116 3169 141 3208 c.
159 3147 284 3208 LXVII
306 3154 477 3224 tanguntur.
511 3151 546 3206 in
567 3168 626 3227 quo
644 3152 696 3228 qui
718 3151 909 3207 nominantur
930 3156 981 3206 aut
1002 3147 1210 3224 significantur

115 3233 251 3292 homines
271 3233 478 3311 provinciales,
502 3232 549 3291 illi
567 3233 687 3312 quidem
708 3235 794 3294 nobis
815 3233 904 3312 plane
925 3235 1022 3309 ignoti
1043 3241 1119 3291 sunt
1155 3232 1207 3293 sed

114 3321 273 3378 universae
290 3321 435 3396 poematis
452 3321 582 3378 rationes
599 3339 660 3378 non
678 3327 747 3378 sunt
766 3326 828 3378 tam
851 3319 992 3378 obscurae
1009 3337 1099 3398 quam
1115 3318 1209 3396 vulgo

115 3411 265 3482 putantur,
289 3411 427 3483 recteque
444 3423 494 3464 eas
516 3404 590 3463 mihi
611 3404 729 3464 videtur
750 3403 915 3482 explicasse
932 3405 1039 3462 Munro
1060 3423 1089 3482 p.
1110 3406 1171 3463 160
1185 3425 1207 3464 s.

116 3489 302 3567 conloquitur
316 3487 450 3548 Catullus
467 3493 501 3549 in
513 3490 570 3548 hoc
584 3493 714 3550 carmine
727 3510 793 3549 cum
805 3491 898 3549 ianua
911 3487 1014 3548 domus
1026 3489 1210 3550 Veronensis

116 3574 195 3647 olim,
223 3573 294 3633 dum
318 3595 335 3632 a
357 3572 488 3634 Caecilio
510 3574 606 3634 Balbo
628 3579 739 3634 maiore
760 3574 958 3647 habitabatur,
980 3575 1132 3648 honestae,
1155 3574 1208 3633 sed

116 3677 192 3738 quae
214 3667 328 3725 mortuo
350 3659 411 3732 illo,
439 3680 505 3719 cum
527 3658 676 3720 Caecilius
697 3660 811 3719 Balbus
832 3660 911 3720 filius
933 3664 967 3718 in
988 3661 1209 3718 matrimonium

113 3747 226 3817 ivisset,
251 3743 431 3822 inpudicitia
457 3765 553 3804 novae
574 3749 676 3805 uxoris
698 3745 812 3825 polluta
833 3752 917 3805 esset.
954 3763 990 3804 ea
1011 3744 1124 3816 mulier,
1152 3746 1208 3802 etei

114 3832 175 3888 iam
193 3837 263 3889 ante
276 3831 398 3889 Brixiae
411 3833 476 3889 viro
494 3829 592 3890 fuerat
608 3837 709 3909 nupta,
729 3840 829 3891 tamen
845 3834 931 3906 virgo
950 3829 1068 3888 domum
1083 3827 1208 3887 Caecilii

114 3917 240 3974 intrasse
262 3913 420 3989 ferebatur,
443 3935 509 3975 cum
526 3919 607 3994 prior
629 3919 691 3975 eius
712 3919 834 3975 maritus
856 3921 976 3994 propter
996 3916 1134 3972 inertiam
1156 3921 1208 3972 aut

113 3999 316 4058 infirmitatem
335 4003 465 4078 corporis
486 4004 705 4060 matrimonium
726 4021 788 4061 non
810 4017 1027 4060 consummasse
1048 3997 1208 4058 videretur.

113 4103 217 4143 verum
238 4093 323 4163 pater
344 4089 479 4163 coniugis
500 4086 581 4145 illius
603 4087 753 4158 Brixiani,
779 4089 824 4144 ita
846 4092 947 4144 narrat
968 4085 1070 4157 ianua,
1099 4104 1207 4143 ninum

103 4189 199 4229 suam
217 4177 402 4249 stupraverat
419 4174 483 4230 sive
503 4174 586 4250 inpio
606 4189 704 4234 amore
725 4172 856 4248 flagrans
875 4189 926 4230 seu
944 4173 1014 4249 quia
1032 4168 1125 4230 sterili
1144 4169 1208 4228 filio
