2976 5004
764 349 934 407 CATULLI

550 486 582 541 te
599 473 664 540 suis
683 474 836 569 tremnlus
853 491 967 558 parens

613 569 750 644 invocet,
768 566 826 632 tibi
845 567 982 652 virgines

614 661 729 727 zonula
747 660 874 726 soluunt
891 660 989 736 sime,

551 767 583 821 te
600 755 713 820 timens
732 754 848 839 cupida
865 775 967 818 novus

614 859 721 934 captet
738 871 814 916 aure
832 849 972 912 meritus.

552 1029 587 1083 tu
604 1017 672 1083 fero
689 1017 796 1083 iuveni
813 1018 847 1083 in
865 1039 977 1082 manus

614 1113 758 1177 floridam
776 1113 845 1196 ipse
862 1111 1034 1197 puellulam

616 1207 704 1271 dedis
724 1229 743 1270 e
760 1206 882 1290 gremio
899 1227 977 1270 suae

550 1300 670 1375 metris,
688 1320 708 1363 o
725 1301 914 1384 Hymenaee
933 1300 1073 1382 Hymen,

615 1414 635 1456 ο
652 1395 782 1479 Hymen
801 1394 1000 1478 Hymenaee.

551 1562 598 1628 nil
614 1572 720 1648 potest
736 1563 804 1626 sine
821 1572 852 1626 te
871 1564 993 1638 Venus,

616 1656 703 1721 fama
718 1656 805 1739 quod
823 1654 907 1719 bona
924 1654 1107 1740 conprobet,

616 1749 774 1815 commodi
791 1770 919 1834 cepere:
942 1758 975 1812 et
992 1759 1096 1834 potest

551 1852 583 1908 te
600 1841 734 1909 volente.
778 1843 849 1927 quis
868 1842 942 1906 huie
960 1842 1018 1907 deo

618 1937 819 2022 eonpemrier
836 1936 938 2000 ausit?

552 2107 642 2172 nulla
658 2107 727 2191 quit
743 2106 813 2172 eine
830 2116 862 2172 te
879 2107 992 2172 domus

616 2201 732 2266 liberos
750 2200 836 2278 dere,
854 2222 914 2265 nee
931 2221 1045 2286 parens

617 2292 714 2378 stirpe
731 2292 838 2358 nitier:
861 2303 894 2357 et
910 2302 1014 2378 potest

553 2395 584 2451 te
602 2387 736 2452 volente.
781 2385 850 2470 quie
868 2385 942 2451 huie
959 2386 1019 2450 deo
1116 2459 1120 2463 ,

618 2479 817 2566 conpararier
834 2480 934 2545 ausit?

554 2670 636 2732 quae
654 2649 717 2714 tuis
735 2660 839 2714 careat
857 2648 966 2726 saeris,
1004 2671 1006 2680 ¹

617 2763 682 2807 non
699 2753 796 2827 quent
813 2742 888 2808 dere
905 2742 1069 2828 praesides
1151 2761 1152 2766 ’

618 2849 702 2902 terre
718 2837 848 2902 finibus:
871 2847 903 2902 et
920 2848 1016 2920 queat

554 2940 585 2996 te
603 2931 737 2996 volente.
781 2930 852 3015 quis
869 2930 944 2995 huie
961 2931 1025 2997 deo
1116 2949 1118 2954 ’

618 3024 816 3112 conparerier
835 3024 936 3089 ausit?

555 3195 692 3262 claustra
709 3193 837 3280 pandite
854 3194 980 3273 ianuae,
1084 3215 1087 3224 ··

618 3288 708 3374 virgo
727 3288 812 3354 ades.
855 3288 950 3354 viden
968 3298 1003 3352 ut
1019 3287 1106 3352 feces

618 3382 799 3467 splendidas
816 3382 963 3466 quatiunt
980 3383 1105 3448 eomas?

555 3475 658 3540 tardet
673 3476 831 3561 ingenuus
849 3476 966 3561 pudor:
1125 3493 1129 3500 ·

554 3569 618 3644 flet,
636 3569 722 3652 quod
738 3569 784 3640 ire
800 3579 971 3636 necessest·

555 3748 630 3812 llere
648 3747 768 3813 desine.
809 3771 875 3814 non
892 3747 960 3825 tibi,
981 3750 1050 3812 Au-

618 3841 792 3918 runculeia,
810 3842 1026 3928 perieulumet,

579 3947 722 4019 ·'neque
738 3935 858 4000 femina
874 3936 1012 4020 pulcrior

553 4029 672 4098 clarum
692 4029 733 4093 ab
751 4027 884 4095 Oceano
902 4028 986 4096 diem

618 4122 731 4188 viderit
749 4123 939 4190 venientem.
