2954 4990
302 322 381 366 mil
732 323 959 368 PBOOEGOIOENA

301 442 401 501 mariti
417 440 474 502 sibi
489 439 595 502 fuisset
611 444 738 517 conscia,
755 463 860 522 parum
877 443 1030 523 probabile
1047 450 1092 504 est
1108 462 1174 504 eam
1192 441 1341 516 Caelium,
1362 450 1411 502 ut

301 525 453 587 infidelem
465 535 625 608 amatorem
638 527 834 602 ulcisceretur,
851 532 960 590 veneni
971 529 1029 590 sibi
1041 531 1137 608 parati
1150 527 1406 590 insimulaturam

301 612 401 686 fuisse,
428 614 499 692 quia
523 612 696 691 praevidere
716 620 832 692 poterat
852 633 883 674 se
905 633 940 675 eo
961 616 1084 675 sumine
1105 633 1188 674 arms
1209 613 1407 674 adversariis

302 706 405 757 contra
421 699 629 777 semetipsam
652 696 939 760 subministraturum
960 718 1031 760 esse.
1066 718 1143 778 quae
1165 718 1232 758 cum
1253 701 1295 758 ita
1318 701 1401 771 sint,

302 782 427 842 facinori
448 784 499 841 isti
520 783 558 842 ab
579 801 633 843 reo
648 785 769 862 eiusque
791 783 944 845 defensore
966 783 1036 844 solis
1054 783 1178 845 Clodiae
1194 801 1258 844 sero
1280 802 1401 860 expro-

300 867 385 927 brato
398 866 488 927 fidem
497 867 610 927 nullam
617 867 821 946 adiungimus,
835 872 1035 949 miramurque
1047 888 1113 928 eam
1125 888 1188 930 rem
1201 889 1220 928 a
1228 867 1401 928 Schwabio

300 973 330 1034 p,
349 953 389 1010 61
405 972 460 1030 pro
482 951 635 1032 explorata
656 952 767 1014 baberi.
802 961 904 1014 contra
925 954 1004 1034 quod
1027 953 1129 1014 Cicero
1150 956 1183 1013 iu
1205 952 1309 1014 eadem
1333 973 1400 1031 pro

302 1036 402 1097 Caelio
424 1039 556 1097 oratione
577 1036 713 1098 Clodiam
738 1038 825 1099 modo
848 1046 949 1118 aperte
970 1038 1057 1098 modo
1078 1046 1154 1098 tecte
1176 1047 1210 1097 ut
1229 1037 1397 1098 mulierem

299 1121 552 1201 impudicissimum
569 1131 659 1203 atqm
675 1123 947 1184 libidinosissimum
964 1123 1107 1203 depingit,
1130 1142 1207 1202 quae
1223 1125 1398 1183 meretricis

299 1209 358 1266 ritu
384 1228 451 1267 cum
475 1208 623 1269 lautorum
649 1209 882 1270 adulescentium
906 1208 1095 1268 multitudine
1116 1216 1146 1268 et
1166 1209 1278 1268 Romae
1300 1216 1332 1268 et
1355 1211 1395 1267 in

298 1293 441 1353 Baiarum
466 1293 634 1355 celebritate
663 1295 803 1354 bacchari
831 1293 1026 1374 omnibusque
1052 1313 1084 1353 se
1112 1293 1289 1372 pervulgare
1316 1313 1394 1354 con-

299 1381 429 1438 sueverit
445 1377 534 1456 (conf.
552 1382 585 1438 in
601 1380 704 1458 primis
721 1378 739 1454 §
758 1381 808 1438 32.
822 1381 872 1439 38.
886 1380 936 1438 47.
950 1381 1000 1438 49.
1016 1379 1066 1438 57.
1082 1380 1130 1437 67.
1145 1375 1208 1455 69),
1226 1380 1282 1438 etsi
1299 1377 1393 1438 dubi·

298 1466 357 1523 tari
377 1484 438 1523 uon
459 1471 554 1542 potest
576 1465 649 1543 quin
663 1465 704 1538 {in
729 1463 785 1523 bac
807 1482 925 1543 quoque
944 1484 1059 1524 morum
1083 1463 1165 1523 illius
1186 1462 1391 1542 descriptione
1447 1531 1448 1544 ,

298 1548 367 1608 odio
388 1548 520 1630 mulieris
542 1555 572 1608 et
597 1547 776 1608 defendendi
800 1551 844 1610 rei
866 1547 962 1609 studio
985 1550 1123 1627 abreptus
1145 1547 1263 1625 singula
1284 1549 1390 1610 verbis
1447 1558 1448 1592 l

299 1634 527 1711 exasperaverit,
549 1641 650 1692 tamen
671 1635 809 1693 universe
828 1633 911 1694 haud
933 1636 977 1694 ita
996 1633 1122 1694 multum
1139 1652 1158 1693 a
1173 1635 1297 1694 veritate
1314 1653 1388 1694 eum

299 1717 454 1778 deflexisse
475 1738 543 1778 cum
567 1719 633 1797 ipsa
653 1738 760 1779 causae
781 1717 940 1779 Caeliauae
966 1725 1157 1780 naturatum
1177 1718 1289 1779 infame
1310 1739 1388 1798 qua-

299 1802 466 1863 drantarias
483 1822 647 1880 cognomen
662 1803 769 1883 probat
786 1802 909 1864 Clodiae
925 1803 1054 1864 inditum
1071 1799 1160 1879 (conf.
1177 1801 1386 1882 praetereas

169 1959 171 1962 ·
297 1887 371 1947 lium
392 1888 472 1967 apud
494 1887 620 1962 Quintil.
641 1889 661 1948 l
685 1910 709 1949 c.
731 1889 909 1949 Plutarchus
931 1888 993 1950 Cic.
1017 1885 1079 1963 29),
1106 1888 1194 1968 quod,
1219 1889 1279 1947 nisi
1300 1889 1386 1968 apud
1447 1871 1448 1908 ¹

297 1973 436 2053 aequales
457 1976 642 2034 notissimum
663 1981 752 2055 atque
771 1974 979 2054 pervulgatum
998 1973 1114 2047 fuisset,
1136 1992 1176 2034 ne
1193 1972 1296 2034 Cicero
1318 1978 1386 2054 qui·

298 2059 366 2120 dem
382 2062 425 2118 ita
441 2067 475 2118 ut
491 2060 563 2120 fecit
579 2054 622 2139 (p.
640 2058 720 2120 Cael.
739 2058 757 2134 ἓ
776 2062 826 2132 62,
844 2060 897 2119 ubi
914 2057 987 2139 quid
1004 2059 1060 2120 eibi
1076 2058 1172 2120 velint
1186 2057 1279 2119 verba
1297 2059 1389 2138 ‘qua-

297 2144 449 2204 drantaria
464 2144 519 2204 illa
535 2143 762 2224 permutatione’
782 2144 871 2205 facile
891 2143 1045 2204 intellectu
1061 2153 1114 2217 est,
1137 2151 1167 2204 et
1183 2142 1200 2218 5
1219 2140 1272 2218 69)
1291 2145 1384 2220 signi·

296 2230 386 2290 ficare
402 2233 507 2309 potuit.
534 2229 770 2310 ‘quadrantaria‘
788 2238 888 2290 autem
905 2249 973 2288 cum
989 2229 1143 2288 mulierem
1156 2227 1291 2306 designet
1304 2249 1383 2308 quae

296 2316 419 2373 minimo
441 2317 535 2393 pretio
556 2317 787 2394 uniuscuiusque
808 2314 927 2374 libidini
947 2313 1121 2388 satisfaciat,
1145 2312 1281 2373 Clodiam
1300 2319 1383 2394 turpi

298 2401 470 2459 eonomine
486 2419 547 2459 uon
565 2398 744 2478 adpellatam
768 2419 831 2460 esse
851 2399 975 2478 adparet
994 2401 1053 2458 nisi
1075 2398 1113 2458 ad
1134 2397 1295 2462 notandam
1316 2419 1385 2477 per·

298 2482 473 2543 ditissimam
490 2483 704 2563 inpudicitiam,
721 2504 818 2564 neque
836 2487 914 2544 euim
928 2483 1062 2544 mercede
1075 2503 1180 2562 corpus
1196 2485 1381 2562 prostituere,

295 2571 385 2628 immo
402 2577 478 2628 teste
495 2568 638 2630 Cicerone
654 2591 684 2648 p.
699 2569 781 2630 Cael.
798 2568 816 2645 ἓ
834 2571 874 2629 36
893 2575 922 2629 et
940 2570 980 2629 38
997 2571 1063 2648 ipsa
1079 2577 1224 2628 amatores
1241 2569 1299 2630 sibi
1314 2589 1382 2646 gra-

295 2656 394 2729 tiosos,
416 2675 437 2714 a
452 2655 585 2733 patribus
603 2662 702 2715 autem
718 2674 807 2734 parce
828 2654 945 2714 habitos
967 2652 1138 2714 muneribus
1159 2653 1285 2714 adficere
1306 2655 1382 2716 sole-

295 2739 356 2800 bat
386 2740 462 2801 conf.
481 2739 519 2800 de
535 2741 592 2800 isto
611 2747 805 2818 cognomento
817 2740 1010 2798 Drumanuus
1026 2739 1094 2798 hist.
1107 2740 1191 2798 Rom.
1205 2739 1247 2810 11,
1265 2760 1293 2818 p.
1308 2740 1380 2799 381.

295 2826 390 2886 forma
404 2845 475 2885 vero
493 2843 587 2905 aeque
600 2831 690 2905 atque
702 2826 824 2902 ingenio
837 2824 967 2884 valuisse
981 2842 1047 2884 eam
1059 2825 1119 2882 iam
1132 2843 1149 2884 e
1161 2829 1244 2882 tauto
1257 2843 1381 2884 numero

294 2914 435 2972 iuvenum
457 2910 612 2972 lenociniis
638 2910 769 2970 mulieris
795 2920 948 2988 captorum
974 2908 1105 2984 colligas.
1142 2915 1256 2968 constat
1282 2916 1380 2970 autem

295 2997 432 3057 Olodiam
449 2996 548 3057 oculos
565 3015 689 3073 magnos
706 3004 796 3075 atque
813 2994 948 3056 ardentes
969 2992 1117 3066 habuisse,
1138 3013 1209 3053 uam
1226 2992 1328 3054 Cicero
1345 2996 1380 3056 in

294 3081 427 3160 epistulis
440 3101 466 3141 a.
482 3077 597 3161 695159
611 3078 792 3141 adAtticum
805 3079 881 3139 datis
896 3098 962 3140 eam
973 3081 1091 3158 saepius
1103 3080 1223 3138 nomine
1234 3073 1382 3157 βοώπιὸος

295 3166 426 3245 adpellat
447 3163 530 3243 (119
551 3169 579 3226 1.
602 3168 642 3225 12
661 3168 689 3227 2.
711 3169 750 3224 14
769 3168 796 3224 1.
815 3167 855 3224 22
874 3165 902 3223 5.
926 3166 966 3224 23
985 3163 1031 3242 3),
1055 3161 1136 3243 quod
1154 3163 1380 3226 reconditiorem

295 3250 426 3330 aliquem
442 3250 577 3311 aculeum
593 3251 703 3311 habere
719 3271 781 3310 nou
798 3258 843 3310 est
858 3249 1012 3328 probabile
1029 3245 1097 3324 (uec
1114 3250 1193 3308 enim
1210 3247 1249 3308 ad
1265 3247 1297 3306 id
1313 3268 1380 3326 pro-

294 3335 426 3395 bandum
443 3337 589 3395 orationes
603 3335 740 3396 dedomo
754 3333 771 3409 ᾗ
787 3336 826 3394 92
841 3343 870 3396 et
882 3355 935 3415 pro
950 3333 1057 3408 Cael.§
1072 3335 1111 3393 78
1125 3332 1236 3394 adferri
1249 3331 1379 3408 debent),

294 3420 511 3499 flagramsque
532 3419 612 3478 illius
634 3419 734 3480 oculos
756 3421 789 3479 iu
810 3426 882 3481 orat.
905 3418 943 3478 de
963 3419 1081 3498 harusp.
1104 3437 1180 3497 resp.
1198 3417 1216 3493 ἓ
1234 3420 1274 3478 98
1297 3420 1380 3479 etin

295 3504 438 3566 Caeliana
472 3503 489 3579 5
520 3505 561 3562 49
595 3507 705 3581 tangit,
745 3502 827 3583 quod
860 3511 970 3584 quanto
1009 3522 1097 3583 opere
1135 3511 1279 3580 congruat
1312 3523 1377 3564 cum

293 3599 450 3651 venustate
469 3588 607 3663 Lesbiae,
629 3608 718 3669 quam
740 3591 834 3666 nigris
855 3589 947 3648 oculis
968 3591 1157 3668 conspicuam
1178 3588 1271 3648 fuisse
1291 3609 1380 3668 supra
1447 3649 1448 3660 ,

294 3674 484 3748 ostendimus,
501 3677 533 3734 in
550 3673 705 3753 propatulo
723 3681 777 3734 cst.
801 3693 888 3753 porro
905 3675 1020 3752 ingenii
1032 3673 1158 3734 facultas
1173 3671 1296 3736 Clodiae
1309 3673 1379 3734 inde
1447 3673 1448 3716 l

294 3779 411 3841 quoque
431 3761 607 3840 perspicitur
628 3757 709 3840 quod
733 3779 772 3821 ue
793 3779 812 3818 a
832 3757 959 3838 publicis
981 3759 1102 3839 quidem
1127 3759 1215 3819 rebus
1241 3778 1304 3820 sese
1329 3758 1379 3818 ab·
1447 3801 1448 3838 ,

293 3847 434 3920 stinebat,
466 3852 633 3924 noruntque
662 3844 768 3904 horum
796 3852 962 3923 temporum
992 3846 1080 3923 periti
1104 3851 1250 3923 quantum
1275 3844 1378 3905 Cicero
1447 3839 1448 3916 ξ

293 3932 452 4011 Pomponii
468 3930 563 3990 Attici
580 3949 647 3989 cum
664 3949 700 3989 ea
722 3928 876 4010 colloquiis
892 3930 1029 3990 tribuerit
1049 3927 1140 4006 (conf.
1161 3929 1220 3990 looi
1242 3928 1377 4008 epistula·

293 4035 360 4074 rum
377 4017 416 4077 ad
433 4016 495 4076 Att.
514 4035 604 4095 supra
621 4012 757 4090 laudati).
793 4014 899 4094 quodsi
920 4014 1010 4074 talem
1031 4015 1163 4074 mulieris
1184 4013 1314 4074 indolem
1334 4032 1378 4074 re·

291 4108 439 4180 putamus,
462 4102 551 4163 facile
573 4100 612 4162 ad
634 4119 701 4160 eam
722 4102 898 4160 seutentiam
920 4099 1094 4160 deducimur
1114 4107 1149 4160 ut
1169 4098 1292 4160 Clodiae
1313 4119 1378 4158 cum
1426 4131 1429 4138 ‚
