2976 5004
325 340 368 406 60
753 355 924 415 CATULLI

323 487 379 542 aut
395 475 475 542 nihil
492 487 547 544 aut
564 477 672 564 paullo
691 480 742 545 cui
760 490 828 545 tum
847 480 1020 548 concedere
1038 482 1137 568 digna
1168 497 1173 506 '

365 571 422 636 lux
439 595 511 638 mea
529 596 563 639 se
580 583 724 638 nostrum
741 575 873 639 contulit
890 575 923 640 in
941 576 1108 662 gremium,

324 686 421 748 quam
439 666 690 734 circumcursans
708 666 782 732 hinc
799 667 886 735 illinc
904 692 999 755 saepe
1018 669 1147 756 Cupido

366 759 512 846 fulgebat
528 761 655 827 crocina
672 762 825 828 candidus
842 763 876 828 in
894 764 1010 830 tunica.

254 867 307 922 135
322 873 405 937 quac
423 865 531 919 tamen
548 855 608 920 etsi
624 876 689 920 uno
707 879 770 921 non
789 866 837 922 est
854 867 1003 923 contenta
1020 857 1161 938 Catullo,

365 971 438 1013 rara
454 948 654 1014 verecundae
671 950 757 1015 furta
774 951 912 1017 feremus
930 974 1014 1029 erae,

322 1063 363 1106 ne
381 1041 516 1108 nimium
533 1043 631 1108 simus
650 1044 819 1108 stultorum
836 1066 924 1110 more
942 1045 1077 1113 molesti.

367 1158 463 1220 saepe
481 1136 576 1201 etiam
594 1137 687 1214 luno,
705 1138 845 1202 maxima
862 1138 1058 1216 caelicolum,

323 1228 467 1315 coniugis
485 1229 518 1293 in
538 1229 633 1314 culpa
649 1231 838 1315 flagrantem
855 1231 999 1296 contudit
1014 1232 1105 1308 iram,

252 1336 305 1392 140
363 1343 497 1388 noscens
515 1323 665 1387 omnivoli
682 1324 819 1409 plurima
835 1323 922 1388 furta
939 1324 1037 1389 Iovis.

322 1415 410 1499 atqui
427 1437 486 1482 nec
504 1416 585 1482 divis
602 1415 745 1482 homines
763 1417 939 1502 conponier
956 1429 1126 1502 aequumst

363 1694 525 1781 ingratum
542 1696 669 1761 tremuli
686 1697 761 1763 tolle
778 1697 918 1783 parentis
937 1719 1027 1763 onus.

292 1825 293 1828 =
321 1809 381 1852 nec
399 1799 506 1853 tamen
523 1787 580 1854 illa
597 1789 673 1856 mihi
692 1789 805 1854 dextra
822 1790 960 1857 deducta
976 1801 1109 1876 paterna

364 1883 558 1968 fragrantem
576 1885 711 1968 Assyrio
729 1884 817 1950 venit
832 1885 930 1949 odore
948 1885 1089 1964 domum,

253 1991 304 2046 145
321 1976 378 2040 sed
395 1977 515 2042 furtiva
532 1976 620 2043 dedit
636 2000 707 2042 rara
725 1980 915 2044 munuscula
931 1989 1036 2056 nocte,

363 2070 463 2155 ipsius
481 2093 521 2135 ex
540 2071 610 2156 ipso
628 2070 757 2156 dempta
774 2071 833 2134 viri
849 2071 982 2156 gremio.

321 2184 419 2246 quare
435 2164 515 2228 illud
533 2165 608 2230 satis
627 2176 684 2241 est,
703 2166 729 2229 si
747 2164 839 2228 nobis
856 2166 883 2228 is
902 2165 996 2230 datur
1012 2165 1084 2231 unis

363 2279 459 2341 quem
476 2259 581 2344 lapide
598 2259 652 2324 illa
670 2259 754 2324 diem
772 2258 953 2324 candidiore
972 2269 1072 2324 notat.

323 2443 383 2508 hoc
401 2444 459 2508 tibi
477 2467 540 2528 quo
559 2445 647 2531 potui
667 2446 848 2512 confectum
866 2445 1005 2511 carmine
1023 2467 1141 2512 munus

254 2554 305 2608 150
364 2561 422 2623 pro
440 2540 558 2615 multis,
576 2541 653 2616 Alli,
672 2539 813 2605 redditur
831 2540 954 2617 officiis,

321 2655 362 2698 ne
380 2644 520 2697 vestrum
539 2632 651 2698 scabra
668 2643 780 2719 tangat
796 2634 941 2719 robigine
959 2657 1076 2700 nomen

364 2725 443 2790 haec
461 2737 557 2810 atque
574 2727 629 2793 illa
646 2726 713 2792 dies
732 2738 827 2810 atque
845 2728 907 2792 alia
925 2738 1020 2812 atque
1038 2729 1111 2793 alia.

321 2819 386 2885 huc
401 2821 519 2885 addent
535 2821 601 2885 divi
618 2843 714 2906 quarn
732 2822 869 2907 plurima
886 2843 968 2904 quae
986 2823 1117 2888 Themis
1137 2823 1212 2890 olim

364 2915 502 2998 antiquis
521 2917 612 2981 solita
629 2926 678 2981 est
694 2939 827 2981 munera
844 2916 928 2980 ferre
945 2916 1015 3001 piis.

253 3021 304 3077 155
321 3008 389 3073 sitis
406 3009 515 3074 felices
533 3020 565 3079 et
581 3019 617 3074 tu
635 3011 728 3074 simul
747 3020 779 3074 et
796 3020 851 3074 tua
869 3010 944 3086 vita,

364 3112 396 3168 et
413 3103 525 3167 domus
543 3104 612 3190 ipsa
629 3104 664 3168 in
680 3124 744 3186 qua
761 3103 904 3180 lusimus,
923 3114 954 3169 et
972 3103 1115 3182 domina,

321 3206 352 3260 et
369 3196 424 3280 qui
443 3218 539 3280 quam
556 3197 658 3282 primo
675 3197 767 3262 nobis
786 3207 901 3262 terram
920 3198 1007 3262 dedit
1024 3198 1139 3276 aufert,

363 3313 382 3354 a
399 3310 463 3372 quo
481 3300 555 3356 sunt
572 3292 675 3377 primo
693 3303 761 3356 tum
779 3291 885 3355 omnia
902 3301 977 3355 nata
994 3291 1089 3368 bona,

320 3392 352 3449 et
367 3384 463 3470 longe
481 3396 553 3450 ante
571 3408 681 3451 omnes
699 3386 775 3451 mihi
794 3407 876 3469 quae
894 3408 945 3450 me
964 3386 1066 3450 carior
1083 3386 1198 3472 ipsost,

251 3491 302 3546 160
361 3477 418 3542 lux
435 3499 518 3556 mea,
536 3499 601 3563 qua
618 3479 692 3545 viva
708 3480 816 3546 vivere
834 3479 927 3544 dulce
944 3479 1061 3545 mihist.

746 3714 915 3724 ———

763 3920 897 3988 LXIX

240 4063 247 4083 ,
317 4039 391 4104 Noli
409 4011 567 4118 admirari,
585 4061 683 4123 quare
701 4039 758 4105 tibi
777 4040 894 4106 femina
909 4040 1008 4119 nulla,

360 4134 455 4210 Rufe,
473 4134 549 4200 velit
566 4144 709 4200 tenerum
727 4135 932 4222 supposuisse
949 4136 1065 4212 lemur,
