2968 4990
552 395 780 440 Pnonssousna
1135 397 1214 438 XCIII

107 517 171 574 s'ar
195 515 229 572 in
252 511 353 574 Gallia
375 512 481 573 absens
503 515 575 574 istos
602 513 638 574 de
662 515 813 574 Mamurra
833 514 1002 590 versiculos,
1026 515 1132 594 quibus
1154 518 1213 576 sibi

110 601 319 676 ignominiam
341 603 470 658 inustam
492 599 692 677 profitebatur,
720 600 806 659 aliter
826 620 915 680 quam
936 620 990 679 per
1007 600 1176 679 exemplum
1194 621 1212 659 a

112 687 221 744 nescio
248 705 306 764 quo
332 686 542 761 transcriptum
568 691 598 743 et
623 687 655 743 in
676 687 861 763 provinciam
886 687 1008 744 missum
1035 705 1212 763 cognoscere

113 776 245 847 poterat
289 768 344 827 tali
369 771 461 845 igitur
487 777 638 848 tamquam
664 773 780 848 privato
807 770 944 830 editionis
971 788 1080 848 genere
1106 774 1132 829 si
1158 770 1212 828 ali·

108 853 265 934 quamdiu
288 861 442 913 contentus
466 861 529 913 erat
550 853 693 928 Catullus,
715 854 838 933 parebat
859 857 1036 928 necessitati,
1061 876 1128 914 cum
1150 876 1211 915 non

111 941 262 998 continuo
279 936 455 998 brevissima
472 957 606 1018 quaeque
627 939 814 1000 librariorum
832 944 902 999 cu'ra
918 941 1066 1020 publicari
1082 949 1210 1020 possent.

113 1043 225 1082 verum
246 1022 299 1082 ubi
325 1023 454 1082 babebat
476 1023 582 1102 quibus
608 1024 748 1082 volumen
771 1025 849 1084 soliti
872 1027 999 1084 ambitus
1026 1025 1212 1105 conpleretur

115 1127 216 1189 eaque
233 1107 360 1189 quodam
379 1110 563 1185 cognationis
580 1109 700 1167 vinculo
718 1111 795 1169 inter
816 1112 973 1183 seiuncta,
996 1131 1048 1169 cur
1065 1112 1103 1170 ab
1121 1110 1210 1171 eden-

115 1193 166 1252 dis
190 1197 233 1253 eis
255 1203 316 1252 tam
338 1192 390 1250 diu
412 1193 597 1252 abhorruerit
619 1192 741 1252 difficile
764 1201 808 1253 est
830 1197 1008 1270 cogitatione
1030 1197 1209 1274 conprehen-

115 1277 198 1338 dere.
243 1298 283 1336 an
304 1286 337 1336 tu
359 1296 427 1337 eum
449 1297 554 1356 parum
577 1277 716 1336 habuisse
742 1278 868 1338 fiduciae
895 1282 941 1338 sui
968 1278 1140 1338 arbitraris?
1179 1289 1209 1339 at

115 1371 207 1422 vetus
231 1363 298 1421 laus
319 1363 444 1441 Nepotis
467 1369 546 1422 certe
571 1365 702 1421 animum
726 1365 754 1421 ei
778 1363 887 1422 addere
909 1363 1012 1423 debuit
1033 1384 1088 1424 nec
1111 1367 1208 1424 minus

115 1449 283 1506 amicorum
301 1446 477 1526 exemplum,
495 1455 528 1506 ut
546 1447 661 1508 Cinnae
680 1456 708 1506 et
726 1447 821 1519 Calvi,
846 1469 969 1528 quorum
987 1449 1103 1509 libellos
1121 1450 1208 1509 modo

112 1531 215 1592 editos
235 1534 300 1610 ipse
320 1533 454 1592 versibus
472 1531 721 1591 commendandos
744 1536 879 1611 suscepit.
914 1553 1014 1593 nonne
1035 1537 1127 1611 igitur
1143 1556 1208 1614 pro·

114 1617 220 1676 loa'bile
238 1625 283 1677 est
300 1615 460 1694 Catullum,
481 1620 653 1696 priusquam
671 1637 780 1677 novam
801 1621 886 1698 quasi
907 1621 1000 1677 vitam
1016 1620 1208 1680 incohaturus

113 1705 151 1760 in
169 1701 348 1780 longinquas
365 1701 457 1761 Asiae
474 1705 610 1778 regiones
628 1705 684 1761 iter
701 1702 822 1776 subiret,
845 1700 975 1763 carmina
994 1704 1081 1763 adid
1098 1708 1208 1784 scripta

116 1794 172 1844 aut
189 1787 292 1847 saltem
310 1789 422 1865 optima
440 1806 540 1846 eorum
557 1791 773 1868 praecipueque
791 1807 919 1868 eaquae
937 1789 976 1848 ad
993 1810 1121 1850 amorem
1135 1791 1207 1850 Les-

115 1871 187 1930 biae
204 1874 386 1949 pertinerent
403 1870 525 1931 collecta
543 1893 578 1930 ac
596 1872 738 1951 disposita
759 1875 791 1930 in
808 1873 917 1950 vulgus
934 1875 1086 1934 emisisse?
1118 1896 1209 1954 porro

116 1977 191 2014 num
213 1959 376 2015 existimari
400 1965 498 2035 potest
522 1965 610 2034 poeta
635 1957 716 2017 haud
741 1956 867 2017 multum
892 1967 959 2038 post
984 1961 1161 2037 inpetratam
1187 1982 1206 2019 a

118 2041 247 2101 Caesare
269 2043 433 2100 carminum
454 2043 573 2100 veniam
595 2045 681 2121 quasi
701 2043 910 2103 reconciliatae
931 2046 1045 2120 gratiae
1066 2045 1205 2104 inludens

115 2125 227 2186 librum
244 2125 372 2186 edidisse
387 2129 421 2185 in
438 2147 497 2205 quo
515 2128 621 2198 omnia,
640 2145 842 2206 quaecumque
856 2130 890 2186 in
905 2130 1112 2206 imperatorem
1129 2132 1204 2189 eius·

116 2229 176 2294 que
194 2211 391 2270 adsectatores
410 2211 619 2271 contumeliose
641 2212 765 2284 dixerat,
789 2212 829 2270 ad
846 2212 1014 2272 diuturnam
1032 2217 1205 2274 memoriam

117 2303 259 2372 congesta
271 2294 430 2372 leguntur?
448 2295 527 2374 quod
541 2295 659 2375 quidem
673 2296 747 2357 adeo
761 2299 885 2373 cogitari
898 2300 1000 2377 nequit
1012 2306 1053 2371 ut,
1065 2303 1090 2357 si
1103 2307 1204 2359 tamen

116 2388 225 2440 cuncta
242 2379 413 2441 Catulliana
430 2390 564 2458 putarem
576 2401 636 2440 una
650 2381 730 2441 edita
748 2400 820 2455 esse,
838 2382 870 2440 id
884 2390 953 2442 ante
966 2383 1204 2462 deprecationem

116 2474 222 2545 poetae
247 2465 358 2524 factum
384 2485 448 2525 esse
475 2466 687 2539 concluderem,
717 2467 871 2547 fateorque
895 2488 943 2528 me
969 2487 1084 2549 semper
1114 2491 1203 2549 quam

116 2553 246 2610 maxime
263 2553 400 2610 miratum
418 2571 481 2610 esse
502 2572 560 2631 quo
578 2551 666 2612 modo
683 2551 855 2612 Schwabius
874 2554 930 2613 sibi
952 2559 1130 2633 persuaserit
1147 2549 1203 2616 Ca-

116 2637 231 2709 tullum,
253 2643 409 2715 postquam
431 2638 509 2695 intra
530 2656 645 2697 menses
668 2640 741 2697 anni
764 2635 879 2716 700l54
900 2642 1011 2718 priores
1034 2661 1053 2700 a
1074 2641 1203 2701 Caesare

116 2725 235 2780 veniam
261 2739 399 2780 versuum
425 2722 679 2780 acerbissimorum
705 2726 878 2802 accepisset,
906 2724 1008 2784 eodem
1035 2746 1114 2784 anno
1140 2726 1203 2785 fere

116 2806 213 2866 medio
230 2805 338 2864 librum
356 2809 485 2864 suumin
498 2806 595 2866 lucem
609 2809 740 2866 emisisse
753 2806 876 2886 (quaest.
887 2809 951 2870 Cat.
965 2830 994 2888 p.
1006 2811 1067 2869 237
1077 2819 1107 2870 et
1117 2807 1200 2884 297).

178 2893 234 2963 Ita,
245 2909 429 2970 quocumque
442 2895 592 2963 vertimur,
606 2894 640 2951 in
651 2894 797 2950 maximas
813 2893 1002 2953 difficultates
1015 2898 1200 2969 incurrimus,

117 2978 174 3036 nisi
195 2974 319 3051 vulgata
341 2978 480 3052 opinione
498 2975 613 3035 abiecta
634 2976 767 3035 libellum
787 2976 923 3037 Cornelio
941 2978 1052 3056 Nepoti
1070 2979 1201 3039 dicatum

116 3064 229 3140 partem
241 3066 356 3118 tantum
370 3061 532 3117 carminum
546 3060 631 3120 nobis
645 3070 828 3120 servatorum
842 3065 1022 3122 continuisse
1035 3067 1199 3124 statuimus.

114 3144 168 3206 sed
194 3165 282 3224 quam
302 3142 438 3222 partem?
471 3144 526 3202 hoc
548 3165 606 3224 quo
632 3147 730 3205 minus
753 3153 832 3205 certo
854 3142 1041 3206 definiamus*
1056 3151 1111 3208 etsi
1136 3152 1201 3228 ipsa

114 3232 244 3308 corporis
263 3228 301 3288 ad
323 3249 378 3288 nos
394 3231 551 3308 propagati
569 3229 712 3303 condicio,
736 3230 772 3289 de
790 3251 849 3311 qua
867 3236 937 3290 satis
955 3240 1044 3292 antea
1061 3231 1199 3308 diximus,

116 3313 258 3398 prohibet,
284 3322 384 3374 tamen
410 3313 525 3392 aliquid
549 3333 585 3375 ea
606 3314 644 3374 de
664 3335 698 3374 re
719 3318 882 3392 generatim
908 3316 1027 3376 videtur
1052 3320 1200 3398 explorari

117 3419 207 3482 posse.
248 3407 337 3479 atque
362 3401 418 3458 isto
445 3398 546 3459 libello
572 3420 633 3459 non
659 3400 862 3479 conprehensa
887 3401 978 3462 fuisse
1004 3407 1063 3463 nisi
1084 3408 1200 3465 minora

117 3492 251 3566 poemata
270 3485 366 3563 lyrica
389 3504 426 3544 ex
449 3505 596 3562 nugarum
614 3485 812 3565 adpellatione
833 3489 893 3546 iam
911 3508 1000 3566 supra
1017 3490 1198 3567 collegimus.

117 3589 217 3630 verum
234 3569 328 3629 neda
347 3571 482 3630 omnibus
500 3573 619 3629 omnino
638 3571 821 3630 brevioribus
839 3574 1018 3633 carminibus
1037 3580 1200 3652 cogitemus

120 3655 172 3716 duo
194 3655 253 3714 loci
274 3654 388 3714 faciunt
405 3656 559 3728 Martialis,
582 3655 615 3714 id
637 3655 717 3737 quod
738 3660 900 3718 rectissime
916 3669 1102 3738 perspectum
1120 3670 1164 3720 est
1181 3682 1200 3720 a

118 3743 246 3800 Brunero
267 3761 296 3818 p.
316 3741 377 3799 606
392 3761 428 3800 ss.
456 3744 690 3820 epigrammaton
712 3743 758 3801 IV
776 3745 816 3801 14
839 3748 919 3803 enim
944 3744 993 3803 hic
1015 3754 1103 3823 poeta
1125 3745 1200 3805 Silio

118 3825 219 3886 Italico
237 3824 381 3906 quosdam
396 3825 513 3886 libellos
527 3846 593 3884 suos
608 3826 814 3887 Saturnalibus
832 3828 909 3888 dono
923 3833 1021 3901 mittit,
1041 3850 1114 3908 quos
1132 3850 1200 3890 cum

119 3910 198 3969 illum
216 3913 344 3989 seposita
361 3914 517 3972 severitate
534 3911 632 3988 legere
648 3915 773 3986 iusserit,
792 3915 824 3971 in
842 3922 972 3973 extremo
991 3917 1121 3974 carmine
1143 3915 1199 3975 ‘sic

119 3995 235 4068 forsan',
253 3998 358 4076 inquit,
378 3997 475 4056 ‘tener
488 4017 577 4056 ausus
591 4004 635 4056 est
647 3997 782 4057 Catullus
794 3999 906 4075 Magno
920 4002 1034 4058 mittere
1051 4019 1200 4078 passerem

120 4080 254 4154 Maroni',
273 4081 410 4161 idemque
427 4081 477 4141 XI
495 4084 513 4140 6
534 4083 572 4140 16
591 4100 682 4160 puero
706 4082 823 4142 cuidam
847 4082 972 4143 delicato
988 4084 1138 4144 basiorum
1155 4089 1199 4146 in·

120 4165 342 4227 numerabilium
358 4170 523 4246 praemium
542 4167 703 4246 ‘passerem
717 4167 841 4228 Catulli’
860 4187 924 4228 sese
942 4168 1117 4230 donaturum
1135 4191 1201 4234 esse
1306 4173 1308 4175 ’
